4298 6436
646 395 911 454 uocuotoomu
930 394 1197 454 smooumusu.

92 573 135 630 II.
177 569 242 626 XVI
260 571 317 626 kal.
353 569 448 627 Gisclu
465 569 501 626 de
519 571 641 628 Sturnos
657 571 702 626 ob.
733 570 778 625 Ita
796 570 832 626 de
850 570 999 641 Witingen
1017 570 1060 625 ob.
1091 571 1144 625 Vro
1165 571 1247 625 Anna
1264 585 1320 624 von
1338 569 1512 626 Neisidellon
1531 570 1574 626 ob.

90 662 134 714 21.
189 659 242 713 XII
260 658 317 713 lrol.
352 657 515 714 Chuoradus
533 657 566 712 fr.
585 656 707 712 exterior
725 658 770 713 ob.

90 747 134 802 22.
203 745 242 799 XI
260 744 316 798 kul.
352 745 437 799 Bertu
454 755 503 799 cv·
520 743 555 798 de
573 744 699 814 Burglon
716 744 794 799 dicta
812 743 921 799 Listinu
938 745 983 800 ob.

90 834 133 886 24.
204 831 243 885 IX
260 831 316 885 kal.
352 831 447 900 (Heini
466 834 518 885 Am
537 829 635 886 Gruud
653 830 703 885 der
720 831 820 886 weibel
837 848 893 886 von
912 831 989 900 Uro.)

90 928 132 981 25.
174 926 242 981 VIII
260 926 316 981 kal.
352 920 494 984 Hemmu
524 917 579 982 An
608 917 682 984 dem
713 919 825 984 Acher
854 941 918 984 von
948 918 1095 1006 Bdrglon
1126 919 1177 984 ob.
1215 935 1267 990 Iro
1291 935 1410 989 flemma
1434 949 1489 987 von
1514 931 1752 1002 Donchratingeu.

404 1021 545 1076 llichcnru
563 1037 618 1075 von
636 1021 717 1090 Egre.
748 1022 793 1076 ltu
810 1021 846 1076 ub
865 1020 1045 1077 Ilmmuouen
1063 1021 1106 1076 ob.
1281 1031 1284 1036 ’

90 1110 133 1163 26.
187 1108 242 1164 VH
259 1107 315 1163 lrul.
352 1107 471 1162 Domino
488 1107 589 1160 Berctu
606 1107 642 1161 de
662 1107 870 1176 Attingehuzen
888 1107 933 1163 ob.
963 1108 1083 1162 Hemmu
1101 1124 1171 1161 uxor
1189 1106 1348 1163 Ghuourudi
1367 1107 1401 1160 de
1420 1106 1559 1162 Buocholz
1577 1106 1621 1160 ob.

90 1197 134 1250 28.
217 1194 315 1249 Vlml.
352 1193 514 1249 Cuonrudus
532 1192 577 1248 ob.

91 1284 135 1338 29.
204 1281 243 1334 lV
261 1280 318 1336 lrol.
353 1281 397 1335 Fr.
414 1280 577 1335 waltherus
596 1279 688 1334 dictus
706 1279 879 1335 lViemerschi
898 1280 942 1334 ob.
961 1281 991 1334 et
1007 1280 1132 1334 Judentu
1149 1282 1241 1334 muter
1258 1297 1309 1334 suu
1326 1279 1369 1334 ob.

90 1370 135 1424 31.
215 1367 243 1422 11
260 1368 317 1422 kul.
352 1367 454 1421 Berctu
472 1365 516 1419 ob.

835 1473 1007 1549 IUNIUS.

109 1632 133 1684 1.
258 1625 315 1680 lrul.
351 1624 474 1680 Chuorat
491 1625 527 1680 de
545 1622 726 1679 Muswundon
745 1623 780 1677 ab
799 1622 870 1678 Dori
885 1623 930 1677 ob.

107 1715 134 1768 2.
202 1715 240 1769 IV
258 1729 324 1768 non.
352 1711 402 1765 Ob.
421 1711 561 1766 Mettildis
579 1711 628 1765 des
645 1709 754 1764 Leisser
770 1709 863 1764 froue.

108 1803 133 1856 3.
199 1800 239 1854 Ill
258 1816 322 1855 uon.
350 1799 395 1853 Ita
412 1799 456 1855 ob.
487 1798 649 1868 Hedewigis
667 1797 702 1851 de
719 1796 863 1851 Molibuch
881 1796 926 1852 ob.
957 1796 1081 1851 Judeutu
1098 1796 1175 1851 dictu
1193 1797 1347 1867 Egerderru
1365 1796 1409 1852 ob.
1428 1797 1462 1851 dc
1481 1797 1624 1852 Silenuon.

108 1897 134 1952 1
215 1895 242 1950 ΙΙ
260 1911 325 1949 non.
352 1887 404 1952 Fr.
428 1886 605 1952 Bertoidus
627 1884 752 1950 Vantiii
776 1885 829 1950 ob.
866 1899 987 1956 Domina
1005 1899 1166 1970 Hedeuigis
1188 1903 1232 1955 An
1255 1900 1304 1954 der
1320 1901 1413 1955 Metto
1431 1899 1475 1955 ob.
1511 1900 1555 1954 Itu
1573 1900 1752 1954 Winchlerru

403 2005 459 2043 von
478 1988 579 2042 Altorf.

108 2079 134 2134 [s
258 2094 323 2131 non.
351 2075 395 2129 I'r.
414 2074 576 2130 Cuonrudus
594 2073 686 2128 dictus
704 2073 739 2127 de
758 2073 898 2142 Burgelon
916 2073 960 2128 ob.
994 2073 1135 2128 Richenru
1153 2083 1201 2126 cv·
1219 2072 1296 2127 dictu
1314 2072 1347 2126 ln
1366 2072 1415 2127 der
1433 2072 1533 2128 Gauda
1551 2073 1595 2127 ob.

109 2167 134 2219 6.
178 2164 245 2218 VIII
263 2162 301 2217 id.
355 2161 415 2216 Uol.
436 2164 465 2216 et
482 2159 653 2216 Chuoradus.

109 2251 136 2306 I.
191 2251 244 2306 VII
261 2249 298 2303 id.
353 2248 494 2302 Richeuzu
511 2249 662 2304 Glumerra
679 2246 723 2302 ob.

108 2339 134 2394 8.
206 2337 244 2391 VI
262 2337 299 2392 id.
351 2333 410 2389 Sor.
430 2333 549 2388 Borchta
567 2334 601 2388 de
620 2333 721 2388 Sedorf
735 2331 780 2387 ob.

91 2426 134 2480 10.
205 2425 243 2479 IV
262 2423 298 2477 id.
350 2421 461 2476 Walter
477 2419 551 2475 lilius
569 2419 663 2474 fratris
681 2418 752 2474 Wlt.
770 2417 947 2472 Stuolsorzeu
965 2417 1010 2472 ob.

93 2512 136 2569 11.
201 2511 242 2564 ΠΙ
260 2510 297 2565 id.
351 2510 410 2563 Sor.
429 2509 474 2562 Ita
491 2507 526 2561 de
544 2507 673 2573 comata,
692 2506 730 2560 du
748 2504 891 2560 meisterin
911 2504 956 2560 ob.

92 2599 135 2652 12.
216 2597 244 2650 Π
261 2596 299 2650 id.
353 2593 539 2650 Burchordus.

91 2686 135 2739 II.
190 2683 241 2738 XV
259 2683 315 2738 kul.
351 2681 486 2737 Dominus
504 2679 602 2735 Chuon
620 2695 676 2735 suc.
694 2679 729 2734 de
748 2677 867 2734 Urseriu.
894 2678 1014 2733 Hemina
1031 2679 1154 2734 Fuhlinu
1171 2679 1215 2734 ob.

90 2772 134 2826 21.
204 2770 243 2825 XI
260 2770 318 2825 kal.
353 2767 436 2823 Anne
453 2767 497 2823 ob.

90 2859 134 2912 22.
215 2857 241 2911 X
259 2857 315 2912 kul.
440 2857 469 2910 ct
485 2871 556 2909 uxor
574 2871 625 2908 suu
642 2853 713 2908 Ello.

90 2945 134 2998 27.
216 2943 314 2998 Vkul.
350 2941 533 2999 ffiuonmdus
551 2940 594 2995 ob.

90 3032 134 3084 28.
204 3030 243 3084 IV
261 3031 316 3086 kal.
352 3031 493 3085 llichenza
511 3029 546 3083 de
563 3027 799 3083 Witersuuondun
817 3027 940 3083 contulit
957 3027 1022 3082 huic
1041 3026 1155 3082 ecclesie
1173 3044 1281 3098 ugrum,
1300 3027 1334 3082 de
1353 3044 1409 3097 quo
1427 3027 1532 3081 duntur
1551 3027 1618 3097 1801

90 3128 127 3181 29

129 3168 134 3181 .
203 3127 243 3182 III
261 3125 316 3180 kel.
351 3120 505 3184 Uolricus
528 3116 635 3182 dictus
656 3116 803 3202 Stangeli
826 3117 923 3182 miles
946 3115 996 3181 ob.
1031 3118 1145 3202 Agnes
1169 3116 1210 3182 de
1226 3116 1539 3204 Ruopprechtingen
1562 3117 1614 3182 ob.
1649 3132 1699 3188 011,
1718 3133 1751 3188 fr,

403 3221 548 3276 Heinricus
561 3220 595 3275 de
608 3219 717 3274 Hosio!
745 3219 790 3274 Ito
803 3219 1032 3275 AnderGezzun
1047 3219 1090 3272 ob.
1118 3219 1264 3273 Mehtildis
1276 3219 1312 3274 de
1321 3219 1436 3274 Gronun
1448 3235 1500 3274 sor.
1513 3222 1610 3274 nostru
1622 3220 1752 3275 exterior.

836 3414 1008 3490 IULIUS.

260 3514 316 3568 Iol.
353 3511 501 3567 Bertoldus
519 3512 599 3567 faber
616 3511 650 3566 de
671 3513 757 3567 Burro
775 3513 820 3567 ob.

111 3609 135 3655 ¹.
219 3600 324 3654 Vnon.
353 3598 447 3654 Odiliu
465 3609 514 3653 cv·
531 3599 576 3652 ob.
606 3599 650 3652 Fr
669 3598 800 3652 Walther
816 3597 852 3653 de
870 3597 1108 3668 Wolfgeriugen.*
1138 3598 1189 3652 Ob.
1211 3597 1328 3652 Werher
1345 3599 1442 3653 Ammo
1460 3599 1581 3654 Grande.

108 3693 135 3744 4.
206 3686 243 3740 Iv
261 3704 326 3740 non.
354 3687 490 3756 Magister
504 3685 641 3740 Arnoldus
653 3686 698 3739 Au
710 3685 760 3738 der
771 3685 878 3750 Gauda,
897 3685 946 3754 qui
964 3685 1051 3739 frater
1069 3687 1163 3740 noster
1181 3688 1242 3739 erut
1260 3685 1305 3738 hic
1324 3685 1458 3755 sepultus,
1477 3685 1557 3740 dedit
1574 3703 1672 3756 ugrum
1688 3684 1753 3739 huic

404 3773 512 3838 domui,
537 3772 647 3827 solvens
666 3773 725 3841 (udo)
743 3772 890 3826 annuatim
909 3772 1043 3838 solidum,
1063 3790 1120 3827 uua
1139 3790 1200 3827 cum
1220 3790 1306 3827 uxore
1324 3790 1388 3839 suu,
1408 3773 1450 3826 itu
1468 3775 1563 3827 tumen
1581 3773 1639 3826 filio
1657 3789 1752 3827 corum

405 3862 515 3915 mortuo
537 3861 571 3912 ut
594 3857 722 3912 totaliter
745 3858 780 3912 ad
805 3859 918 3912 domum
942 3862 1057 3930 spectet.
1094 3860 1138 3914 lta
1162 3859 1197 3914 de
1215 3860 1426 3915 Understechon
1449 3859 1493 3914 ob.
1529 3858 1680 3915 Gerdrudis
1699 3876 1753 3912 von

405 3945 539 4000 Obmatta
558 3943 602 3998 ob.

110 4039 135 4092 ὓ.
206 4035 245 4090 llI
262 4049 327 4088 non.
356 4031 400 4086 Vr.
418 4030 546 4086 Uolricus
565 4029 644 4100 Zulgi
663 4028 707 4084 ob.

110 4127 135 4180 6.
218 4121 244 4175 ΙΙ
262 4137 326 4176 non.
354 4117 500 4172 Methildis
518 4117 553 4172 de
572 4117 685 4172 Gronon
704 4116 747 4172 ob.
778 4115 941 4172 Chuorodus
959 4117 1071 4171 villicus
1090 4117 1125 4171 de
1143 4117 1283 4189 Burgelon
1302 4118 1346 4172 ob.

111 4213 136 4266 7.
262 4224 327 4262 non.
355 4203 509 4259 Ruodolius
522 4202 650 4257 Geselere
663 4203 698 4257 de
712 4204 911 4274 Megenbergg.
941 4205 1104 4259 cuonradus
1117 4205 1281 4260 domicellus
1300 4207 1335 4260 de
1348 4207 1575 4277 Attingeuhusen
1589 4206 1696 4260 occisus
1708 4204 1751 4258 ob.

94 4301 135 4353 11.
219 4293 299 4349 Vid.
354 4291 468 4362 Agatha
485 4289 519 4344 de
537 4291 641 4344 Bawen
659 4290 703 4344 ob.

94 4386 136 4439 12.
207 4381 245 4436 IV
264 4380 300 4434 id.
354 4378 479 4433 Uetecbu
496 4395 566 4432 uxor
583 4377 714 4431 Strinzins
733 4376 777 4432 ob.
936 4437 938 4440 ¹

94 4472 136 4526 14.
219 4467 245 4521 II
263 4466 300 4522 id.
354 4463 470 4518 Heduic
488 4481 558 4518 uxor
575 4461 715 4518 cuonradi
733 4461 846 4516 Seslerii
864 4464 908 4518 ob.

93 4561 137 4612 II).
262 4553 301 4607 id.
354 4549 505 4604 lieltherus
522 4549 601 4604 tuber
618 4549 662 4604 ob.
692 4549 811 4603 Hommu
831 4549 875 4604 oh.
908 4550 1046 4605 Rudolfus
1064 4550 1099 4606 de
1112 4551 1303 4622 Munogingeu
1321 4552 1365 4606 ob.
1396 4553 1496 4607 Bercte
1509 4570 1561 4606 sor.
1575 4553 1696 4607 exterior
1708 4552 1751 4608 ob.

405 4635 546 4692 Gerdroth
564 4653 619 4691 von
636 4636 873 4691 Metemunsteten
892 4653 944 4693 sor.
964 4637 1085 4692 exterior
1103 4638 1147 4692 ob.

94 4733 137 4786 lo.
166 4727 245 4783 XVII
262 4727 319 4781 kul.
355 4724 406 4780 Ob.
424 4724 540 4778 dominu
557 4723 678 4778 Berchtu
695 4723 730 4776 de
749 4723 936 4778 Attunhusen.
968 4724 1087 4778 Berchtu
1106 4725 1225 4779 Zwierru
1243 4725 1388 4782 heremita.

94 4818 137 4872 l‘l.
182 4815 245 4870 XVI
263 4813 320 4867 kul.
353 4811 397 4866 rr.
415 4811 510 4866 Cuono
529 4810 564 4865 de
584 4810 673 4865 Wiler
690 4809 749 4865 clu*
779 4809 898 4864 Hemina
915 4812 1064 4866 Austetun.

95 4904 136 4957 18.
194 4900 245 4955 XV
263 4901 320 4955 kal.
355 4899 400 4952 Ita
417 4899 452 4952 de
471 4899 590 4964 Kenrsu
609 4898 653 4953 ob.
685 4899 771 4955 Meht.
790 4899 824 4954 de
842 4899 974 4970 Wiuingo
993 4899 1038 4956 ob.
1068 4899 1119 4955 Ob.
1139 4901 1329 4954 nortmannus
1347 4917 1401 4956 soc.

95 4991 137 5044 19.
179 4987 244 5042 XIV
262 4987 317 5042 luel.
354 4986 398 5039 Fr.
416 4985 579 5040 Wultherus
598 4985 689 5040 dictus
708 4987 850 5042 Stuolseze
868 4987 912 5042 ob.
944 4987 1101 5057 Burchu[r]t
1120 4988 1209 5041 Huuo
1227 4988 1271 5042 ob.

93 5078 137 5131 21.
193 5074 246 5130 XII
263 5074 319 5128 kal.
355 5072 491 5142 Magister
508 5072 690 5127 Chuonrudus
709 5072 801 5140 dictus
819 5074 929 5128 Homer.

92 5163 136 5217 22.
207 5161 247 5214 XI
264 5160 321 5216 kal.
356 5160 456 5214 Bercta
474 5158 519 5214 ob.

93 5249 137 5304 21.
220 5246 320 5302 Xlrol.
355 5246 400 5300 Itu
418 5246 462 5302 ob.

93 5336 137 5390 24.
206 5333 245 5388 IX
262 5333 319 5388 kal.
355 5333 400 5388 Itu
417 5333 452 5388 de
471 5333 619 5404 Wisingen
637 5333 681 5390 ob.

93 5423 137 5478 25.
179 5421 242 5475 Vlll
260 5421 316 5476 kal.
353 5420 492 5476 Amoldus
510 5421 545 5475 de
563 5421 654 5478 Beche
672 5423 716 5477 ob.
748 5422 804 5476 Vro
822 5421 925 5478 Imzclu
942 5421 977 5478 de
996 5420 1151 5478 Emmeteu.

92 5510 136 5564 27,
206 5507 245 5563 VI
262 5509 318 5562 kul.
355 5507 502 5564 Heinricus
520 5509 594 5562 filius
612 5509 740 5579 magistri
760 5511 871 5580 lngoldi
889 5511 934 5564 ob.
953 5510 987 5565 do
1005 5510 1109 5566 Husen.

200 5723 225 5788 Ι)
245 5721 357 5788 contu:
376 5719 470 5773 Kmn.
