4388 6442
642 391 906 447 NECROLOGIUM
926 393 1063 448 AUGIAE
1081 393 1241 448 MINORIS.

354 882 865 980 NECROLOGIUM
899 885 1168 982 AUGIAE
1200 885 1521 982 MINORIS.

216 1111 446 1222 Necrolepium
467 1140 650 1205 rumoastcrii
672 1141 798 1224 Ampiae
819 1141 974 1220 Minoris,
1002 1143 1091 1225 culpo
1120 1141 1306 1208 Weissermu
1327 1142 1491 1225 appellati,
1519 1141 1641 1208 ordinis
1664 1139 1763 1204 Prac-

112 1246 364 1323 monstratensis,
397 1244 482 1326 quod
508 1265 594 1309 anno
617 1246 700 1308 1145
734 1265 756 1308 a
781 1243 934 1311 Gelieoue
961 1246 999 1310 de
1023 1247 1228 1330 Raounburp
1262 1247 1436 1328 fundatum
1466 1253 1524 1324 cst,
1559 1245 1659 1310 nwdio
1690 1265 1764 1308 acuo

111 1349 323 1429 cusu-ptum
343 1348 435 1414 hodie
455 1354 672 1414 cununatum
693 1369 758 1414 non
780 1354 833 1413 est.

137 1537 142 1546 Ι
215 1453 286 1518 Iam
307 1453 431 1518 meacm
455 1453 551 1519 XVI.
574 1454 702 1518 ineunte
723 1454 800 1519 adeo
822 1461 892 1519 erat
913 1455 1063 1520 detritum
1085 1461 1127 1539 (o.
1150 1458 1208 1520 sub
1231 1457 1282 1520 die
1303 1461 1355 1520 26.
1371 1455 1540 1538 Aupnsti),
1569 1460 1606 1518 ut
1627 1453 1764 1518 alterum

111 1557 270 1638 exemplar
290 1559 403 1638 confici
423 1555 544 1622 necesse
565 1563 652 1622 esset.
697 1557 823 1623 Nonam
837 1557 894 1624 troc
909 1559 1068 1640 exemplar
1082 1561 1210 1640 scripsit
1226 1559 1377 1625 Albertus
1392 1557 1571 1641 Schwepler,
1593 1557 1765 1622 mouaolm

111 1661 237 1744 Ampiae
251 1662 402 1740 Minoris,
424 1666 462 1725 ut
483 1661 570 1725 (locet
590 1662 788 1743 subscriptio,
810 1683 892 1744 qnae
914 1669 960 1726 est
981 1664 1017 1727 in
1039 1662 1149 1739 ultimo
1171 1663 1263 1744 solio:
1286 1663 1372 1742 „Sub
1392 1661 1562 1728 venerabili
1583 1663 1619 1726 in
1637 1659 1764 1726 Christo

104 1771 201 1846 patre
222 1771 251 1829 et
273 1766 412 1844 domino,
441 1766 566 1832 dominio
589 1765 731 1830 Iohanne
752 1767 890 1850 Maiper,
912 1767 1023 1832 ablate
1044 1767 1143 1832 liuius
1163 1769 1361 1845 monasterii,
1390 1788 1455 1832 non
1476 1765 1577 1832 solnm
1598 1785 1763 1830 murorum

111 1891 218 1934 oerum
241 1871 335 1935 etiam
357 1892 480 1935 morum
501 1877 641 1948 erectore,
664 1871 738 1950 finit
760 1871 789 1934 is
811 1870 888 1935 ldier
909 1870 1130 1952 martirolopus
1153 1892 1224 1935 cuno
1240 1869 1423 1936 lectionibus
1445 1870 1654 1952 quottidiauis
1676 1869 1763 1950 capi-

112 1973 278 2052 tularibus,
301 1996 340 2040 coc
360 1997 385 2040 s.
402 1977 513 2057 patris
532 1976 635 2040 nostri
657 1976 835 2058 Anpnstiui
856 1976 965 2059 repeda
988 1978 1154 2057 eacerpdis,
1176 1977 1394 2056 mmoariisque
1417 1974 1652 2055 defunctorum,
1674 1995 1763 2038 ocite-

112 2077 375 2144 rabilissimorum
396 2079 621 2158 cardinalium,
643 2079 956 2162 archipiscoporum,
978 2081 1190 2162 episcopiorum
1212 2084 1242 2144 et
1263 2079 1488 2144 uenerabilium
1505 2085 1638 2160 patrum
1653 2077 1763 2160 prela

112 2187 215 2246 torum
241 2204 362 2248 neuram
387 2183 529 2264 fratrum
555 2189 585 2248 et
611 2205 754 2249 sororum
775 2205 814 2248 ac
836 2184 1068 2265 benefactorum
1091 2190 1158 2248 tum
1180 2185 1304 2249 ordinis
1324 2185 1441 2262 nostri,
1474 2190 1542 2248 tum
1569 2184 1763 2261 monasterii,

112 2291 179 2350 tum
200 2287 296 2352 etiam
310 2287 447 2354 aliorum
461 2289 611 2354 ordinum
632 2294 662 2352 et
680 2295 824 2354 statuum
845 2289 987 2370 fidelium
1005 2289 1094 2354 nolis
1109 2290 1351 2367 commissorum,
1374 2309 1463 2369 opere
1479 2293 1508 2352 et
1523 2286 1626 2352 miore
1647 2286 1764 2367 fratris

111 2388 272 2455 Alloerclti
293 2391 439 2475 Swepler,
461 2393 600 2474 predicti
622 2393 745 2458 ordinis
767 2399 796 2457 et
817 2394 1001 2458 monasterii
1022 2393 1120 2458 leuius
1141 2393 1329 2471 sacerdotis,
1348 2414 1411 2474 pro
1433 2413 1494 2474 quo
1515 2393 1581 2472 ipse
1603 2390 1765 2456 lumilime

105 2495 195 2575 petit,
209 2516 274 2576 pro
287 2517 320 2560 se
334 2503 428 2579 atone
440 2497 510 2561 suis
517 2497 708 2579 parentibus
723 2496 868 2575 leonestis,
883 2497 1025 2561 videlieet
1041 2497 1183 2562 Iolranne
1195 2496 1326 2580 chpler
1340 2497 1500 2577 quondam
1514 2495 1764 2560 reverendissimi

111 2599 246 2678 episcopi
265 2597 515 2665 Omistanticnsis
536 2600 724 2665 cancellario
746 2605 840 2682 atque
854 2601 955 2666 Anna
976 2623 1074 2666 unare
1096 2603 1234 2666 ciusdem
1256 2602 1348 2665 oleum
1364 2600 1549 2682 suppliciter
1566 2601 1693 2664 euorari
1707 2605 1762 2664 cte.

111 2701 271 2784 Scriptum
293 2703 459 2770 Kalendas
479 2704 621 2788 Aupnsti
647 2706 869 2769 anu01504.“
924 2705 1011 2786 Opus
1033 2705 1217 2789 Sclroepleri
1243 2705 1333 2770 leodio
1359 2727 1423 2771 reon
1449 2706 1515 2768 iam
1541 2708 1643 2769 eastat
1664 2703 1762 2785 intep-

110 2828 198 2883 rum,
229 2827 305 2871 nam
334 2806 410 2872 liter
436 2809 679 2892 martyrolopus,
710 2810 748 2873 de
776 2831 837 2890 quo
867 2831 968 2890 supra
997 2833 1095 2876 sermo
1125 2817 1179 2888 ost,
1208 2812 1345 2875 arnissis
1372 2816 1426 2875 est.
1471 2809 1618 2890 Superest
1639 2813 1764 2872 tautum

109 2910 317 2993 nemolapium
338 2911 418 2992 folia
440 2915 482 2976 93
503 2913 624 2994 formiae
643 2913 775 2977 nmioris
789 2914 1024 2979 nrunlromacea
1039 2914 1307 2996 conprehendens,
1329 2915 1414 2997 quood
1433 2935 1521 2978 nuuc
1542 2918 1587 2977 est
1610 2911 1764 2976 tabularii

110 3013 341 3094 Karlsrulrani,
370 3016 461 3099 culpo
483 3016 881 3095 „Generallaudesarctrid
903 3019 1062 3100 appellati.
1115 3018 1284 3100 Solimrpler
1313 3018 1521 3100 rrecrolopium
1549 3017 1646 3098 prins
1676 3035 1763 3080 nunc

110 3117 243 3182 &letum
264 3119 309 3183 ad
329 3121 455 3184 oubam
477 3121 696 3202 transscripsit
718 3127 813 3204 atque
835 3123 930 3187 etiam
952 3123 1186 3204 dispositionem
1214 3124 1296 3200 cius,
1320 3143 1401 3203 quae
1428 3143 1465 3186 ca
1492 3121 1572 3202 suit,
1602 3126 1641 3184 ut
1655 3120 1763 3201 prium

110 3221 175 3287 loco
196 3224 326 3288 nomina
346 3224 488 3305 fratrum
509 3231 538 3290 ct
560 3245 703 3289 sororum
718 3227 844 3308 Aupiae
860 3227 1011 3306 Minoris,
1033 3229 1168 3293 securulo
1189 3228 1320 3292 nomina
1335 3226 1563 3307 defunetmum,
1586 3226 1644 3306 qui
1658 3225 1763 3308 perti·

109 3326 225 3390 nebant
245 3328 290 3392 ad
311 3326 395 3392 alias
417 3329 540 3394 ordinis
555 3329 879 3396 Praemonslratensis
900 3331 1053 3411 ecclesias,
1077 3333 1168 3397 terlio
1190 3332 1321 3396 nmnina
1335 3330 1488 3394 laicorum
1506 3329 1763 3410 imcrilrercntar,

111 3430 233 3494 imitari
254 3437 386 3496 conatus
407 3439 461 3497 est.
506 3433 618 3499 Etiam
640 3436 676 3499 in
697 3434 754 3499 lroc
775 3435 947 3518 neerompio
968 3438 1099 3502 nmnina
1114 3438 1334 3518 defunctorum
1357 3456 1434 3500 casu
1453 3435 1591 3517 perietioo
1605 3433 1762 3516 iruscripruc

111 3533 271 3616 lepnntur,
299 3543 337 3601 ut
362 3539 399 3602 in
423 3538 594 3622 necrolopio
621 3542 805 3630 monasterii
833 3541 1050 3623 Urslerpenso's
1076 3542 1213 3606 eiusdem
1240 3541 1372 3605 ordinis.
1424 3538 1611 3620 Saeprissinre
1632 3540 1762 3604 oramina

110 3638 271 3704 lominum
293 3641 402 3705 diebus
423 3642 555 3707 dioerms
580 3644 800 3725 deseenetomrm
827 3647 995 3710 coniuncta
1022 3652 1113 3724 sunt,
1143 3647 1227 3728 qnod
1241 3650 1410 3726 propterea
1437 3642 1508 3723 fieri
1530 3643 1652 3722 potu-it,
1684 3643 1762 3724 quia

110 3745 235 3808 aucmri
256 3744 322 3809 dies
343 3745 447 3811 alitus
467 3748 597 3828 firmiore
618 3771 682 3814 nou
703 3756 773 3814 erat
794 3751 830 3815 in
851 3752 976 3829 animo;
997 3751 1034 3816 id
1054 3756 1180 3816 tantum
1201 3750 1319 3832 apebat,
1342 3754 1379 3813 ut
1401 3745 1536 3830 sirmulis
1558 3746 1639 3811 anni
1654 3746 1762 3812 diebus

109 3852 472 3916 conunememorationem
492 3853 610 3934 sacerd
631 3854 859 3935 defunctorum.
908 3856 979 3937 lum
1000 3856 1038 3919 de
1059 3877 1094 3920 re
1115 3854 1322 3935 consermdns
1342 3857 1389 3917 est
1410 3850 1488 3916 liber
1508 3849 1632 3915 munla
1656 3850 1759 3915 XIII.

110 3953 316 4034 cmnurptus,
342 3975 364 4018 a
385 3978 434 4021 me
455 3955 701 4035 „Weissenauer
722 3957 1066 4041 Juuuepspescmcme‘
1088 3963 1307 4038 nuncupatus,
1336 3977 1427 4038 quem
1449 3955 1536 4020 cdr'di
1556 3953 1762 4035 „Zeitscluift

109 4054 166 4134 fiir
186 4056 237 4121 die
261 4057 443 4125 Gueliclrte
465 4062 518 4126 des
543 4061 728 4128 Olerrlrcins
751 4063 888 4141 XXIX,
911 4066 1109 4126 zos-119⁴&

214 4159 344 4227 Saecrdo
358 4162 474 4229 XVII.
490 4167 792 4232 emamunorationes
812 4165 997 4246 fundatoris
1015 4175 1045 4232 et
1061 4167 1142 4249 repis
1157 4165 1289 4246 liudolfi
1304 4165 1466 4230 umnaclris
1479 4165 1606 4247 Ampiae
1620 4164 1762 4230 Maioris

110 4262 313 4344 simpliciores
334 4267 419 4332 m'sae
439 4273 524 4347 sunt,
547 4290 644 4350 quam
665 4271 701 4336 ob
723 4292 787 4336 rem
807 4292 860 4335 eas
878 4273 963 4336 notis
983 4271 1137 4353 sabulosis
1151 4271 1386 4353 supplaoernut.
1433 4269 1504 4334 Has
1517 4274 1610 4334 notas
1624 4275 1654 4334 ct
1668 4273 1761 4334 notas

106 4387 240 4446 paneas,
260 4390 341 4450 quae
356 4377 432 4452 post
452 4374 684 4452 annum1504,
705 4380 743 4438 ut
765 4395 844 4456 opus
858 4374 1042 4459 Schwepleri
1055 4375 1262 4457 suppleretur,
1285 4375 1415 4440 additae
1436 4379 1520 4452 sunt,
1544 4373 1645 4438 lituis
1661 4372 1761 4438 lentius

110 4469 271 4552 disprositis
291 4477 407 4541 notaui.

213 4575 430 4662 Necroloyium
447 4581 570 4664 Ampiae
585 4583 727 4649 Minoris
747 4585 813 4649 ram
827 4585 1033 4666 „Zeitsclrrift
1053 4587 1110 4667 fiir
1123 4587 1174 4650 die
1192 4584 1374 4650 Gcseliehte
1388 4585 1442 4649 des
1460 4581 1646 4649 Oberrlreins
1664 4581 1758 4659 VIII,

111 4684 280 4745 317-26“
308 4683 426 4749 editum
455 4691 513 4765 cst,
543 4690 800 4754 commentarium
829 4696 935 4756 autem
964 4691 1091 4755 eddidit
1121 4692 1170 4754 oir
1199 4691 1271 4756 bare
1294 4689 1424 4754 nwdtus
1446 4687 1577 4769 Mooper
1599 4686 1636 4750 iu
1657 4686 1760 4751 eodem

111 4785 189 4852 ldrro
211 4787 275 4867 IX,
291 4790 427 4855 65-76.

793 4992 1070 5067 IANUARIUS.

131 5109 154 5162 l.
186 5173 188 5178 Ι
279 5110 334 5165 kal.
370 5115 602 5170 Commemomtio
614 5119 646 5169 tr.
659 5116 767 5170 Alwici.
784 5116 938 5171 wilhelmi.
960 5115 1003 5170 Fr.
1014 5116 1157 5172 Monzonis
1170 5136 1233 5182 sae,
1246 5114 1544 5172 dissimulemus
1557 5118 1607 5172 osi.
1631 5115 1758 5170 Conrndi.

421 5200 572 5258 Tunniche.
599 5201 769 5257 machtildis.

127 5281 152 5338 2.
221 5283 258 5338 IV
277 5301 341 5339 non.
368 5286 411 5341 Fr.
430 5286 546 5342 Alberti.
573 5288 615 5343 Fr.
635 5287 766 5343 Iohannis
784 5290 832 5344 ovi.

127 5370 152 5423 3.
217 5370 256 5424 ΙΙΙ
273 5389 338 5427 non.
365 5371 423 5428 Sor.
437 5373 556 5428 Fridere.
583 5374 626 5428 Fr.
640 5374 772 5430 Hainrici.
797 5375 1017 5433 miserendis
1043 5378 1085 5432 Fr.
1096 5379 1243 5436 euonrndi.
1268 5379 1435 5434 Sor.Guole.
1458 5378 1587 5434 Conrodi.
1610 5378 1758 5433 waltheri.

419 5460 529 5516 Berihe.
557 5461 727 5517 Adelhoidis.
755 5462 913 5518 Gerdrudis.
941 5464 1066 5519 Heinrioi
1085 5481 1138 5519 sac.
1167 5464 1337 5520 Elisabethe.
1366 5465 1534 5521 Mechtildis.

126 5543 152 5596 i
235 5544 260 5598 11
276 5563 340 5602 non.
368 5547 410 5602 Fr.
429 5548 592 5603 Bernhardi.
623 5549 666 5603 Fr.
684 5549 845 5604 Hermanni.
876 5550 935 5605 Sor.
954 5550 1117 5622 Hediwigis.
1150 5552 1193 5606 Fr.
1212 5551 1346 5606 Heinrici.
1378 5553 1504 5607 Volmsri
1522 5553 1586 5608 abb.
1606 5553 1640 5607 de
1660 5553 1758 5608 Rothe.

419 5633 561 5690 ludinthe.
587 5635 750 5692 Bernhardi.
777 5635 960 5709 Hiltebnrgis.
990 5637 1084 5693 Otilie.
1112 5639 1248 5709 Ruoperii
1266 5657 1320 5694 sac.
1340 5639 1487 5695 bnonradi.

126 5719 152 5774 5.
276 5735 340 5774 non.
366 5721 425 5777 Sor.
444 5721 612 5778 Adelheidis.
640 5723 797 5779 Gerdmdis.
827 5723 969 5780 Richinze.
998 5724 1168 5781 Machtildis.

215 5819 296 5869 Neon.
314 5821 378 5874 Ans.
396 5819 541 5872 cossrmr.
560 5821 624 5874 con.
1518 5827 1554 5880 ‘20
