4492 6444
652 421 917 477 NEOROLOGIUM
937 424 1259 482 FULTIINBAOIINSE.

134 597 175 650 10.
244 595 284 649 IV
301 594 339 648 id.
393 595 541 664 Rupertus.
573 597 785 650 Bernhardusl.
816 597 862 650 I'r.
882 597 1047 652 Iohannes
1065 598 1131 653 deo.
1150 599 1188 653 de
1207 599 1431 655 Raitenbuch.

133 685 174 737 11.
242 682 282 736 III
301 681 338 735 id.
390 681 521 736 Hailbick
539 682 557 734 1.

134 770 174 823 12.
255 769 282 822 II
301 767 337 822 id.
390 767 546 822 Hainricus.
577 768 741 822 Adelhaidis
760 771 777 824 I.

134 866 174 919 13·
300 863 337 917 id·
390 857 521 921 Mathilt
544 856 607 940 ὅθ)
625 858 676 922 Ob·
711 875 821 929 Ulricus
839 890 896 945 eps.
931 875 1083 930 cunradus.
1121 876 1275 930 volmarus.
1308 876 1447 932 Albertus
1479 876 1596 931 Ulricus.
1627 876 1784 934 Hainricus.

442 959 637 1014 MechtildisI

132 1047 173 1102 14.
214 1047 279 1100 XIX
297 1046 353 1100 kal.
390 1045 532 1100 Walterus
550 1045 567 1100 1.
600 1045 741 1101 Christian
759 1047 776 1101 I.

133 1135 174 1187 15.
189 1133 281 1186 XVIII
300 1133 356 1187 kal.
391 1132 539 1187 Hainrious
559 1133 785 1210 pIir.etm.n.o.
817 1134 914 1188 Hezilo
931 1134 949 1188 1.
980 1134 1186 1189 Benedictus
1204 1135 1276 1188 abb.
1295 1134 1394 1200 deEt
1421 1135 1438 1190 I.

133 1221 173 1274 16.
202 1219 282 1274 XVII
298 1220 356 1275 kal.
390 1220 573 1275 Hermannus.
604 1221 671 1276 ouo
689 1221 707 1275 l.

132 1306 173 1360 17.
214 1306 281 1361 XVI
298 1307 355 1361 kal.
390 1306 571 1362 Onnradusl.
602 1308 922 1376 Marquauusduxo

134 1393 173 1446 18.
230 1391 281 1446 XV
298 1393 354 1448 kal.
390 1393 546 1449 Hainrious.
576 1394 721 1450 cunradus
738 1396 756 1449 l.

134 1479 173 1533 19.
214 1479 280 1532 XIV
297 1480 353 1534 Ital.
389 1479 535 1549 Dyterious
552 1481 616 1535 abb.

131 1566 172 1620 20.
212 1566 280 1621 XIII
298 1567 352 1620 kal.
389 1565 499 1621 Ulricus
517 1567 577 1637 pbr.

132 1653 172 1706 21.
227 1654 280 1707 XII
298 1654 353 1708 kal.
391 1652 467 1708 ouo.
497 1655 660 1708 Bernandus
678 1655 742 1709 cler.
772 1654 937 1709 Adelhnidis
956 1654 973 1708 I.

133 1740 173 1794 22.
243 1741 281 1794 III
299 1739 355 1794 kal.
391 1740 486 1796 Gisilo.
521 1741 678 1796 Uldnlricus
701 1741 718 1794 l.
752 1741 918 1795 Iohannes
940 1740 1082 1806 Memor,
1114 1742 1280 1797 Iohannes
1308 1742 1440 1796 Gerdan
1467 1743 1610 1800 abbates
1641 1763 1722 1799 mon.
1748 1743 1784 1799 in

440 1828 586 1882 Enstorf.

132 1915 172 1969 23.
254 1913 280 1967 X
298 1913 355 1968 kal.
390 1913 536 1984 Gerungus
553 1915 572 1970 I.
602 1915 786 1985 Mech[t]ildis
803 1915 822 1969 l.

132 2001 173 2057 24.
242 2000 280 2054 III
299 2000 355 2054 kal.
391 2001 473 2070 Hugo
491 2001 510 2055 I.

133 2086 173 2141 25.
213 2086 281 2141 VIII
298 2087 354 2141 kal.
391 2086 534 2142 cunradus
551 2088 571 2140 I.
600 2087 739 2142 Hiltrudis
756 2089 775 2142 l.

133 2175 172 2228 26.
228 2173 281 2227 VII
298 2174 354 2229 kal.
390 2174 499 2228 UIrions
517 2174 577 2244 pbr.
592 2177 668 2229 etm.
698 2174 850 2231 Gottridus.
880 2176 958 2231 (Iuno
976 2177 995 2231 l.

132 2259 173 2312 21.
239 2261 279 2314 VI
297 2261 353 2316 kal.
388 2261 520 2316 Albertus
537 2280 574 2314 m.
604 2261 752 2316 Fridricus.

132 2346 173 2402 28.
253 2346 353 2401 VkaI.
388 2349 536 2403 Hainrious
554 2349 676 2404 subdiac.
706 2349 815 2403 UIrious
833 2349 851 2404 I.

132 2433 172 2487 29.
240 2433 280 2488 Ν
297 2433 353 2490 kal.
389 2435 533 2490 Ounradus
554 2435 572 2490 I.

388 2591 580 2677 Reginbold.
619 2592 732 2657 Ratolt
777 2592 998 2679 Ruodpertus.
1032 2593 1217 2658 Dominioa.
1252 2594 1347 2661 (Iota.
1382 2595 1559 2662 Ernebold.
1595 2598 1782 2683 Reginlind.

439 2696 598 2762 Perhtolt.
636 2695 789 2762 Hemmo.
828 2696 998 2763 Gundrun.
1035 2697 1263 2784 Reginhordus
1287 2699 1364 2767 ob.²

745 2995 1156 3004 ——.-—.-----—.—.

383 3330 886 3430 NECROLOGIUM
918 3334 1527 3432 FULTENBACENSE.

234 3559 465 3670 Mardonium
502 3590 686 3654 monosterii
728 3589 1000 3670 Futtonbaoonsis,
1045 3593 1168 3657 ordinis
1204 3615 1229 3657 s.
1263 3592 1446 3672 Raudioti,
1487 3594 1524 3659 in
1560 3593 1784 3658 marchionatu

132 3690 342 3773 Buryouionsi
363 3693 427 3771 siti,
451 3694 535 3773 quod
555 3715 640 3758 anno
661 3697 723 3758 740
737 3695 921 3775 innodatum,
943 3718 1028 3762 anno
1045 3701 1128 3761 1130
1142 3703 1360 3762 restauratum
1375 3719 1439 3764 esso
1453 3699 1582 3774 dicitur,
1606 3698 1672 3762 iam
1688 3698 1781 3762 initio

131 3793 250 3859 saecuti
273 3793 409 3860 XVIII.
433 3797 629 3878 deperditum
651 3803 728 3876 orat,
750 3820 846 3880 qnam
869 3801 905 3864 ob
927 3822 993 3864 rom
1014 3802 1160 3867 monach
1174 3801 1438 3866 Faltonbaoensos
1460 3823 1545 3866 anno
1568 3804 1654 3864 1718
1676 3822 1782 3866 necro-

133 3897 245 3980 ioyium
265 3901 449 3964 moooastuii
471 3923 496 3965 s.
519 3901 662 3968 Udatrioi
677 3902 850 3984 Auqnstaa
872 3906 967 3986 quasi
989 3906 1129 3986 ipsorum
1144 3911 1229 3984 osset,
1252 3907 1288 3970 in
1303 3907 1406 3970 oodioo
1421 3907 1584 3971 ohurtaooo
1605 3907 1642 3990 (2
1650 3915 1671 3983 ⁰,
1694 3927 1782 3969 nunu

133 4002 284 4067 modarii
314 4004 393 4086 roqii
419 4005 624 4070 Monacensis
653 4007 713 4071 Nr.
735 4009 794 4091 23)
822 4007 1063 4089 dosoruoserunt.
1114 4010 1319 4075 Addiderunt
1347 4009 1422 4074 inuio
1449 4010 1625 4074 mortitaiio
1653 4009 1782 4074 nomina

133 4107 278 4172 abbatum
292 4108 442 4189 priorum
462 4110 646 4174 manasterii
668 4111 729 4189 sui,
752 4112 810 4192 qui
830 4133 892 4193 quo
914 4113 964 4177 die
986 4114 1134 4178 obiissent
1154 4136 1274 4196 suuper
1294 4115 1443 4180 sciebant.

840 4357 1069 4434 MARTIUS.

133 4469 174 4522 22.
242 4470 282 4524 XI
298 4469 354 4523 kal.
389 4469 525 4524 Henrious
543 4470 607 4526 abb.
625 4471 654 4524 in
672 4472 855 4528 Pultonbach.

133 4555 172 4611 30.
253 4557 280 4611 11
298 4557 354 4610 kal.
389 4557 502 4612 Gebeon
520 4558 670 4613 restaurati
688 4576 761 4614 mon.
778 4559 1008 4615 FuItenbaoensis
1026 4560 1088 4615 abb.
1108 4560 1221 4630 primus.

853 4723 1055 4799 APRILIS.

149 4837 173 4889 2.
241 4836 280 4890 IV
297 4853 362 4890 non.
388 4834 544 4891 I'riderious
562 4835 626 4890 abb.
644 4836 675 4890 in
693 4836 875 4891 Vultenbaeh.

149 4924 173 4977 5.
297 4940 361 4977 non.
389 4923 456 4978 ouo
474 4923 509 4977 do
527 4921 592 4976 Gios
610 4923 673 4978 abb.
691 4924 721 4978 in
740 4923 922 4979 Fultenbaoh.

149 5011 172 5064 8.
240 5010 278 5064 VI
296 5010 334 5064 id.
388 5009 541 5065 Dieterious
559 5009 623 5064 abb.
641 5011 670 5064 in
688 5010 871 5066 FuItenbaoh.

150 5097 174 5150 9.
253 5097 279 5151 V
297 5096 334 5150 id.
388 5096 553 5152 Bartholdus
571 5097 635 5151 abb.
653 5097 684 5151 in
702 5098 885 5152 Fultenbaoh.

135 5182 174 5237 21.
242 5183 282 5238 XI
299 5183 355 5238 kal.
390 5183 537 5240 Udalrious
554 5185 691 5240 secundus
709 5184 744 5240 do
762 5185 870 5240 GIenau
888 5185 952 5238 abb.
971 5183 1001 5238 in
1019 5185 1202 5240 Fultenboch.

135 5270 174 5326 24.
215 5272 281 5326 VIII
299 5272 355 5326 kal.
391 5271 532 5327 conradus
549 5271 655 5340 primus
673 5271 737 5325 abb.
755 5272 786 5326 in
804 5271 985 5325 Vultenbach.

235 5449 259 5515 Ι)
281 5449 413 5501 Comidius
431 5457 476 5500 aut
493 5449 632 5501 conversa?

237 5569 258 5636 ι)
277 5566 342 5622 Sino
354 5568 433 5622 datio
450 5567 545 5636 „dw‘
562 5573 599 5623 ost
610 5583 752 5637 monumen
764 5566 938 5635 Murouurdi,
957 5566 1004 5635 qui
1016 5583 1077 5636 erqo
1094 5566 1237 5634 „Herzoffl
1253 5566 1454 5620 nominabatur.
1551 5567 1573 5632 2)
1586 5565 1662 5619 Haeo
1673 5564 1785 5618 nomina

137 5651 235 5707 ardu
251 5671 356 5708 annum
374 5663 438 5710 1100
454 5655 485 5707 in
498 5654 604 5725 poqino
620 5655 716 5708 ultima
733 5653 866 5707 codicisA
883 5653 1033 5722 oorwaipta
1050 5659 1129 5721 sunt,·
1150 5653 1284 5708 mnnita
1299 5652 1354 5706 otia
1372 5651 1456 5706 wdem
1473 5653 1531 5706 loco
1548 5651 1692 5721 odaripto,
1710 5650 1785 5705 indie

138 5737 242 5794 diuidua
255 5747 446 5810 pudorosum
463 5748 513 5795 ant
530 5741 665 5810 nostinaa,
683 5746 748 5797 coito
765 5742 813 5811 loyi
830 5757 887 5796 non
902 5747 1024 5810 munt.
