4388 6442
496 377 763 434 NECROLOGIUM
779 378 1008 434 MONASI'IIRII
1026 377 1054 434 S.
1072 378 1200 435 CRUUIS
1218 378 1408 434 WXRDEAE.

875 643 1036 718 MAIUS.

142 795 167 850 6.
246 795 274 848 II
292 811 357 848 non.
385 794 453 849 otto
472 794 571 848 Vester
587 793 789 864 prebendarius
808 795 910 848 noster.

127 883 169 936 25.
209 880 277 935 VIII
294 881 351 936 kal.
387 881 525 936 Iohannes
543 880 727 951 Eyssenhoser
744 878 818 949 pleb.

869 1060 1041 1135 IUNIUS.

143 1210 170 1266 2.
236 1211 275 1266 IV
295 1227 361 1267 non.
387 1210 498 1267 Ulricus
516 1209 551 1265 de
569 1210 764 1265 Winckellhal
782 1213 811 1265 ei
829 1226 899 1263 uxor
916 1209 976 1264 eius
994 1210 1159 1282 Wslpurgs.

143 1301 168 1354 5.
292 1316 357 1353 non.
386 1297 496 1352 Ulricus
513 1297 578 1350 abb.

126 1387 167 1440 11.
234 1387 274 1440 XI
291 1385 347 1441 kal.
384 1385 413 1439 P.
433 1383 584 1438 Dieboldus
601 1383 736 1449 110Ιί1111,
754 1383 800 1438 hic
818 1383 957 1454 professus
975 1387 1005 1439 el
1021 1383 1141 1440 decessit
1159 1385 1235 1439 1470.

126 1474 169 1528 21.
250 1473 350 1528 Vkal.
387 1472 476 1526 Tatta
494 1462 534 1524 ἅθ’
548 1469 681 1540 Kieburg.

819 1650 1089 1726 AUGUSTUS.

125 1769 167 1824 12.
249 1767 277 1822 II
294 1766 332 1822 id.
385 1766 523 1822 Pineema
540 1766 629 1821 miles.

159 1897 166 1910 .
223 1854 274 1909 XV
291 1854 348 1910 kal
384 1854 413 1908 P.
432 1854 551 1908 Ioannes
568 1853 666 1924 Regel
685 1853 731 1908 hic
750 1853 888 1923 professus
907 1856 936 1907 et
954 1853 1073 1910 decessit
1091 1855 1168 1912 1492.

806 2117 1100 2192 SEPTEMBER.

141 2235 166 2290 ¹1
246 2234 273 2289 II
291 2250 358 2289 non.
385 2232 561 2287 Hermannus
580 2249 640 2287 can.

141 2321 167 2376 5.
292 2338 357 2376 non.
383 2320 481 2374 Patres
500 2319 642 2374 Comedus
661 2337 678 2374 a
696 2319 895 2375 Schaffhsusen
915 2323 944 2374 el
961 2320 1104 2375 Conmdus
1122 2320 1256 2392 Vegelem
1274 2322 1321 2377 hic
1338 2322 1463 2392 professi
1483 2323 1559 2380 1360.

124 2411 165 2465 15.
195 2408 274 2462 XVII
291 2408 348 2462 kal.
372 2405 521 2460 'liudolfus
538 2422 592 2460 sse.

123 2498 167 2550 22.
248 2495 274 2549 Χ
292 2495 350 2549 kal.
384 2491 521 2547 liudolfus
539 2491 574 2545 de
591 2490 818 2546 Westersteilen.

123 2582 167 2637 24.
206 2582 273 2636 VIII
290 2582 347 2636 kal.
383 2578 529 2634 Elisabeth
547 2580 576 2631 ei
595 2577 752 2647 Wigenlsis
771 2577 885 2648 Zenger.

835 2807 1071 2884 OCTOBER.

142 2930 168 2983 2.
237 2927 275 2981 VI
292 2944 356 2982 non.
385 2926 436 2981 Ob.
455 2924 547 2979 dicius
566 2923 716 2980 Schrlltter.

140 3015 164 3069 4.
236 3013 275 3068 IV
292 3031 357 3068 non.
385 3011 545 3066 Leonardus
563 3009 781 3065 merckschalck.

140 3101 159 3242 l

160 3142 167 3155 .
293 3117 358 3154 non.
385 3098 435 3154 Ob.
454 3095 641 3152 Theodericus
659 3095 809 3167 Diettegen
828 3095 863 3149 de
882 3095 1107 3149 Wesiersieilen.

123 3189 165 3242 1.
236 3186 275 3241 IV
292 3185 330 3240 id.
382 3185 413 3240 1⁸.
434 3181 614 3238 Menelaiius.
994 3205 997 3212 ·

813 3360 1087 3436 NOVEMBER.

139 3482 165 3535 2.
235 3478 274 3534 IV
292 3495 356 3534 non.
383 3477 551 3548 Mangoldus
568 3476 710 3531 fundator.
758 3501 773 3516 =

141 3567 167 3622 4.
248 3565 276 3619 11
291 3582 357 3619 non.
383 3565 414 3619 P.
433 3563 575 3619 conradus
593 3562 721 3618 Deberliz
739 3561 785 3618 hie
803 3563 942 3631 professus
961 3566 990 3617 et
1007 3562 1127 3632 scripler
1144 3563 1272 3633 insignis,
1291 3563 1459 3630 cellerarius,
1479 3566 1554 3620 1451.

123 3655 166 3707 16.
207 3653 272 3706 XVI
290 3652 347 3707 kal.
383 3651 426 3704 Fr.
445 3650 592 3705 Udaln'eus
611 3649 797 3704 Wernhamer
814 3651 843 3703 ei
860 3649 893 3702 fr.
912 3649 1029 3705 Sibolho
1048 3649 1130 3714 Guso,
1149 3649 1196 3704 hio
1215 3650 1340 3719 professi,
1359 3650 1434 3706 1347.

124 3740 166 3795 17.
222 3739 274 3793 XV
292 3739 348 3793 kal.
384 3739 523 3793 Iohannes
542 3737 670 3791 Patruus.
1010 3795 1014 3815 ‚

122 3827 166 3880 21.
207 3824 274 3878 XIII
292 3825 348 3880 kal.
385 3826 428 3879 Fr.
447 3823 565 3880 Sibotho
583 3823 662 3880 Graff
678 3823 755 3894 prior
771 3822 854 3878 huius
873 3823 928 3878 loci
948 3825 1023 3881 1337.

122 3913 166 3966 26.
232 3911 272 3966 VI
290 3911 346 3966 kal.
381 3913 500 3967 Ioannes
518 3910 682 3981 Wiltzgsert
700 3927 760 3965 ean.
779 3910 974 3980 Augusiensis.

698 4219 699 4222 ,
814 4138 1082 4215 DECEMBER.

139 4273 166 4328 8.
239 4272 278 4326 Vl
295 4272 333 4326 id.
386 4273 520 4328 Dominus
538 4273 656 4327 loannes
674 4272 773 4326 Ksutz.
