4388 6442
559 389 786 444 FRAGMENTA
804 388 1027 446 NECROLOGH
1046 390 1370 448 NERESHEIMENSIS.

177 872 614 970 FRAGMENTA
647 872 1084 973 NECROLOGII
1117 875 1756 973 NERESHEIMENSIS.

243 1101 457 1193 Monasterii
471 1128 745 1207 Nereslreimcnsis,
768 1130 891 1194 ordinis
912 1152 936 1193 ε.
953 1131 1128 1210 Benedicti,
1151 1151 1236 1195 anno
1251 1131 1335 1192 1095
1355 1153 1376 1195 α
1396 1133 1559 1196 comitilia
1581 1133 1618 1196 cle
1634 1129 1798 1212 Dillinoen

138 1231 279 1312 fundati,
294 1231 418 1296 soemrlo
436 1233 572 1298 XVIII.
588 1233 651 1296 clero
666 1233 841 1315 necroloyio
857 1233 1045 1313 tenuioribus
1059 1235 1155 1298 medii
1170 1236 1239 1298 aevi
1254 1238 1431 1316 conscrr'pla
1446 1237 1643 1312 exstiterunt,
1663 1254 1798 1315 quornm

143 1334 278 1398 alterum
301 1339 377 1399 teste
395 1334 517 1417 Manno
533 1336 652 1402 Stcrrio
674 1337 825 1402 monaclro
847 1342 877 1401 et
896 1338 1125 1402 bibliothecario
1146 1339 1395 1403 Nereslreimensi
1416 1339 1602 1420 [cendatiorri
1616 1339 1799 1402 monasterii

140 1459 285 1502 coaevum
307 1444 377 1502 erat
398 1440 471 1511 (SS.
497 1441 539 1518 X,
555 1445 630 1520 21);
651 1442 742 1506 leodic
763 1446 932 1523 utrumque
949 1443 1083 1523 periisse
1105 1443 1239 1522 uidetur.
1287 1443 1423 1508 Restant
1448 1448 1574 1506 tantum
1594 1447 1695 1518 notae,
1717 1461 1798 1522 quas

140 1542 281 1606 Stemus
308 1542 361 1607 ille
387 1565 473 1608 anno
501 1547 586 1608 1730
613 1567 652 1609 ecc
678 1551 811 1627 utroque
838 1545 1010 1626 necrolooio
1037 1546 1073 1609 in
1099 1545 1267 1610 chronicon
1295 1569 1390 1610 snum
1417 1547 1654 1627 diplnnaticmm
1683 1545 1797 1609 Neres·

141 1647 305 1725 lcincense,
337 1649 394 1729 qui
424 1648 502 1713 liber
529 1670 629 1713 mann
658 1650 797 1730 scripms
824 1649 915 1713 lodic
944 1654 989 1713 est
1018 1649 1216 1713 bibliothecae
1240 1652 1401 1732 princepis
1429 1653 1466 1715 ole
1495 1651 1612 1714 Thurri
1640 1655 1670 1713 et
1697 1649 1799 1712 Tanis

143 1750 348 1829 Ratislronae,
378 1753 422 1816 aa
451 1752 574 1816 litteras
602 1753 777 1818 transtulit.
823 1754 947 1818 Scimus
976 1753 1132 1818 Sterrinm
1162 1756 1266 1819 codem
1299 1761 1431 1837 tempore
1460 1754 1528 1818 alia
1557 1757 1702 1832 neemia
1729 1752 1798 1816 uiro

142 1854 333 1919 celelemimo
355 1856 449 1921 Penio
471 1859 607 1936 misisse,
637 1859 713 1922 laec
739 1881 809 1924 ocra
836 1861 886 1923 oir
907 1859 1104 1922 clarissimus
1127 1859 1187 1924 Dr.
1211 1857 1526 1941 Herclery-Friinlel
1552 1855 1799 1920 Vindobonensis

141 1958 265 2038 frustra
288 1960 324 2023 in
344 1962 472 2040 serratis
494 1961 583 2026 Perii
603 1985 691 2026 nnnc
713 1965 748 2027 in
771 1963 893 2046 colleyio
916 1964 1094 2028 Mellicensi
1114 1964 1286 2028 Austrum
1309 1964 1500 2028 corrserootis
1521 1963 1558 2025 in
1579 1982 1674 2025 nsum
1696 1981 1799 2022 omnm
1913 2037 1915 2042 Ι

145 2063 300 2144 indaqare
329 2070 462 2128 conatus
488 2071 542 2130 est.
588 2065 643 2129 En
671 2066 722 2129 liis
742 2067 842 2148 initur
869 2069 1036 2148 excerptis,
1068 2069 1196 2148 ouibus,
1227 2070 1257 2131 si
1279 2068 1383 2132 colline
1405 2071 1578 2143 exstarent,
1609 2069 1701 2128 uotae
1727 2061 1800 2125 illac

143 2165 285 2230 chronico
308 2166 424 2232 smmi
445 2170 617 2249 inscriptae
637 2169 867 2250 mormlercntnr,
886 2172 1088 2253 paucissima
1111 2177 1246 2249 tantum,
1269 2173 1335 2235 iarn
1357 2171 1443 2236 edita
1465 2170 1497 2236 S.
1511 2169 1543 2234 S.
1563 2169 1599 2233 X
1610 2170 1654 2232 21
1678 2187 1747 2247 squ.
1770 2169 1799 2229 ct

143 2289 163 2332 a
184 2290 232 2334 ore
253 2269 305 2333 hic
326 2271 361 2334 B
381 2279 578 2355 nuncupata,
601 2279 729 2337 seruata
750 2281 835 2339 sunt.
920 2307 922 2312 ’

244 2374 287 2437 In
327 2375 472 2440 chronico
512 2399 570 2441 sno
603 2377 854 2443 Nereslieimensi
887 2379 1028 2444 Sterrius
1066 2382 1162 2445 etiam
1198 2379 1334 2445 libellum
1371 2377 1663 2443 anniversariorum
1697 2373 1800 2456 anit-is

144 2475 347 2558 Dillinoanae
368 2500 390 2542 a
408 2482 596 2545 monasterio
618 2503 675 2545 suo
694 2480 948 2548 celebrandorum
971 2485 1015 2548 ad
1035 2485 1162 2548 nubum
1182 2485 1409 2565 transscripsit,
1433 2505 1524 2565 quern
1545 2482 1597 2545 tric
1615 2478 1800 2560 appendicis

143 2580 206 2645 loco
227 2583 430 2648 amittendum
451 2607 515 2649 esse
530 2587 662 2666 putari,
685 2609 756 2650 cum
778 2587 983 2668 manifestum
1004 2589 1060 2667 sit,
1084 2595 1242 2654 erectorem
1265 2590 1334 2654 eius
1349 2593 1479 2669 praeter
1500 2591 1670 2666 utrumqne
1692 2603 1798 2646 necro-

142 2683 256 2765 loyinm
278 2689 463 2752 otonasterii
483 2691 537 2753 sni
559 2689 623 2754 alio
645 2695 740 2771 atque
762 2697 880 2755 uetusto
901 2691 988 2772 sonte
1010 2715 1096 2757 nnnc
1117 2695 1244 2775 quidem
1266 2693 1362 2758 deleto
1384 2713 1479 2756 usum
1501 2712 1574 2755 esse.

243 2788 439 2872 Frayrncnta
459 2792 536 2856 laec
558 2815 597 2857 ec
619 2794 765 2859 clorenico
787 2793 903 2859 Stcrrii
925 2796 960 2859 in
983 2817 1077 2860 cisum
1099 2817 1201 2861 orcum
1223 2798 1273 2860 nir
1295 2795 1493 2860 clarissimus
1515 2793 1576 2858 Dr
1600 2790 1685 2868 Will,
1708 2790 1798 2853 taln-

142 2889 244 2955 letricus
260 2894 420 2974 principis
441 2897 479 2960 cle
495 2897 612 2962 Tlnrn
635 2903 664 2960 et
681 2897 790 2976 Tanis,
814 2901 1052 2966 accuratissime
1075 2901 1236 2982 excerpsit,
1259 2900 1343 2981 quod
1364 2900 1399 2964 ob
1421 2918 1540 2962 manns
1561 2897 1590 2960 ei
1611 2894 1663 2958 lric
1675 2894 1800 2976 oratius

143 2997 262 3062 delitus
283 3019 349 3081 aaa

829 3199 1105 3274 IANUARIUS.

65 3333 67 3341 ·
162 3313 185 3366 1.
308 3311 746 3381 kal.1n11ingardiss0r.n.c.¹

160 3400 185 3453 3.
251 3398 292 3451 III
310 3415 375 3452 non.
405 3398 530 3452 Adilheit
549 3406 647 3467 com¹,¹
665 3405 755 3456 molor
774 3401 941 3455 Hartmnnni
961 3400 1071 3455 comitis
1090 3401 1124 3454 de
1143 3400 1345 3471 Dilingen....
1364 3400 1554 3454 luminosum
1573 3396 1699 3452 caritate.

160 3486 185 3540 4.
265 3486 374 3540 1111011.
402 3486 548 3540 Mathildis
566 3505 691 3542 sonmo.

181 3613 187 3624 .
241 3572 293 3626 VII
312 3571 349 3626 id.
402 3572 530 3627 Adilheil
548 3574 583 3628 de
602 3572 793 3628 Nerinsiheim
812 3590 864 3628 sor.
875 3591 901 3626 n.
914 3592 935 3628 c.

163 3694 187 3710 ..
270 3658 294 3712 V
313 3659 348 3713 id.
403 3659 536 3714 Adelheit
553 3673 636 3726 oom¹⁸‚
655 3661 718 3714 filia
735 3661 905 3714 Hartmanni
924 3660 1041 3724 comitis,
1060 3661 1076 3712 3
1096 3660 1210 3714 lumina.
1241 3659 1424 3729 Holinburgis
1442 3675 1556 3714 sonno.

147 3746 187 3797 11.
253 3744 293 3797 ΙΙΙ
312 3743 349 3797 id.
404 3745 537 3800 Adilhaid
555 3747 589 3801 de
608 3747 786 3801 Narnisheim
804 3765 856 3802 sor.
869 3766 896 3802 n.
907 3767 928 3802 o.
958 3747 1119 3816 Haodwigis
1138 3764 1190 3802 sor.
1201 3765 1259 3800 n.c.

149 3832 188 3883 12.
270 3830 296 3883 11
314 3831 351 3886 id.
405 3834 552 3888 Mathildis
570 3852 694 3889 sor.n.c.

147 3917 188 3971 13.
314 3917 351 3971 id.
404 3921 526 3975 Hibrula
544 3922 605 3988 (sic)
624 3938 746 3976 sor.n.c.

148 4004 188 4056 18.
244 4004 294 4057 XV
313 4005 367 4060 kal.
405 4009 566 4063 Adilberlus
584 4027 675 4064 comes
693 4009 787 4064 iunior
805 4009 1001 4080 deDilingon;
1024 4009 1071 4063 hic
1089 4008 1170 4062 dedit
1187 4006 1434 4076 nobiscopfingen
1453 4001 1655 4059 etOslerwiler
1672 4001 1702 4053 el
1720 3997 1800 4067 quid-

456 4095 524 4164 quid
542 4095 583 4149 ibi
601 4095 725 4150 habuit!

146 4177 188 4230 25.
229 4177 296 4231 vul
313 4178 369 4235 kal.
404 4181 586 4251 Helinburgis
604 4200 656 4237 sor.
667 4201 727 4237 n.c.

147 4263 189 4317 m.
258 4265 297 4319 VI
314 4265 370 4320 kal.
407 4267 552 4339 Willibirg
570 4282 646 4324 com⁸
663 4270 698 4324 de
717 4269 857 4339 Dilingen.

810 4431 1131 4504 FEBRUARIUS.

166 4525 191 4578 3.
255 4525 377 4580 11111011.
407 4527 522 4597 efigies
540 4547 666 4584 sonno

164 4613 189 4664 8.
260 4612 298 4664 VI
315 4612 353 4666 id.
407 4615 552 4669 Gerlrudis
571 4635 621 4670 sor.
633 4635 692 4670 n.c.

150 4700 190 4751 11.
260 4698 299 4752 ΙΙΙ
317 4698 354 4752 id.
408 4701 587 4772 Reginlindis
605 4717 655 4757 ov*
672 4722 698 4757 n.
710 4723 732 4757 c.

151 4787 190 4838 12.
271 4785 352 4840 llid.
405 4788 625 4844 latiscense.

149 4873 190 4926 15.
246 4873 297 4927 XV
316 4873 371 4929 kal.
406 4875 572 4930 Adelbertus
594 4893 684 4931 comes
703 4876 737 4929 de
758 4875 902 4945 Dilingon,
925 4874 1078 4928 advocatus
1101 4874 1206 4934 nostem
1233 4870 1279 4924 hio
1297 4869 1376 4923 dedit
1396 4869 1476 4923 nobis
1496 4867 1602 4922 curiam
1621 4865 1754 4920 maiorem
1774 4863 1804 4916 in

461 4962 636 5033 winingen,
655 4965 684 5016 eb
701 4965 734 5015 ut·
752 4962 842 5016 omnis
861 4959 1043 5030 congregotio
1062 4960 1120 5011 iam
1139 4957 1169 5010 in
1187 4955 1379 5010 anniversan'o
1397 4954 1443 5008 dis
1462 4972 1524 5020 sua,
1542 4972 1627 5024 quam
1646 4970 1695 5023 per
1714 4954 1804 5006 lolam

461 5049 710 5120 Quadragesimom
729 5049 763 5102 de
782 5047 938 5102 redditibus
956 5045 1080 5100 eiusdem
1099 5044 1193 5098 curiae
1211 5047 1350 5113 pascatur,
1368 5041 1496 5096 instituit
1498 5081 1572 5096 .....

150 5134 192 5186 21.
260 5133 296 5186 IX
317 5133 373 5187 kal.
409 5135 476 5189 Piae
494 5136 644 5190 memoriae
663 5135 823 5204 Pilgerinus
841 5133 912 5198 abb„
931 5136 948 5188 ὁ
966 5129 1074 5187 lumina
1092 5150 1154 5186 cum
1174 5130 1301 5186 caritate.

150 5221 192 5272 22.
234 5219 300 5273 Vlll
319 5220 374 5276 kal.
411 5222 488 5291 Gepa
506 5239 628 5277 sor.n.c.

149 5308 192 5360 23.
250 5307 300 5361 VII
321 5308 375 5363 kal.
411 5309 544 5363 Hadewio
562 5327 639 5364 soror
656 5309 765 5363 comilis
784 5305 951 5360 Hartmanni
970 5305 1095 5360 senioris.

149 5392 193 5446 27.
258 5394 297 5447 lll
316 5395 370 5448 kal.
407 5395 601 5465 Chunigundis
620 5413 741 5450 sor.n.c.
769 5394 936 5448 Hillibirchi
955 5404 1081 5446 cv⁸n.o.

162 3659 171 3687 ί

257 5607 279 5668 ι)
298 5604 325 5656 Β
339 5610 518 5658 comoranorat
535 5607 605 5659 hanc
622 5622 735 5659 sororem
755 5603 796 5657 elie
814 5611 836 5656 2.
856 5601 994 5654 Ianuarii.
1090 5603 1112 5665 s)
1132 5601 1173 5652 B:
1190 5611 1242 5652 αν,
1275 5585 1278 5590 ’
1338 5598 1361 5662 s)
1382 5597 1567 5666 Necrolooinm
1585 5597 1698 5650 alteram
1716 5598 1805 5646 autem

152 5692 290 5746 narrarit:
309 5691 459 5746 Adittrertns
477 5693 570 5750 iunior
587 5711 672 5752 mmcs
688 5693 720 5752 dc
738 5693 874 5766 metue-n,
893 5688 1041 5746 moecatus
1059 5694 1152 5744 noster
1158 5708 1167 5756 ;
1184 5688 1225 5741 liic
1242 5685 1313 5741 dulit
1332 5687 1407 5741 rmlris
1422 5685 1554 5757 medium.
