4306 6434
215 391 349 446 FRAGM.
367 391 519 446 Necnon.
537 393 586 447 ΕΤ
603 394 773 448 anastas
793 393 1169 450 assecutionem
1189 396 1306 452 BLASII
1325 397 1364 451 IN
1384 398 1497 452 NlGllll
1516 397 1631 451 SlerA.
1683 402 1745 464 329

206 565 907 634 1111111111(110111111111111111111111
930 575 1006 633 suut
1029 570 1171 635 71111111
1194 575 1227 636 11
1250 570 1385 636 totidem
1410 572 1505 651 misse
1528 571 1561 634 in
1584 576 1745 636 conventu

101 677 136 735 et
157 693 217 756 per
243 675 280 734 10
302 671 373 737 dies
397 672 521 752 „verba
541 674 646 739 mea“.

205 775 396 840 Senioribus
412 776 453 841 de
471 777 668 842 monasterio
681 801 706 844 s.
717 777 920 857 Micbabelis,
936 777 1020 863 quod
1037 778 1135 843 situm
1152 780 1250 844 estin
1268 780 1458 864 episcopatu
1472 779 1744 863 Pabinbergensi,

100 879 286 944 laciendum
308 887 369 956 est,
393 881 477 946 sieut
499 881 565 947 illis
589 880 629 946 de
652 880 867 948 Petrishusin.
913 881 1085 947 Oauouicis
1108 882 1149 947 de
1173 881 1265 948 Cella
1288 906 1313 947 s.
1330 883 1410 947 Atre
1434 884 1492 947 iux
1509 931 1618 950 .....

504 1183 539 1256 1.
578 1190 861 1266 ANNALES
893 1189 1344 1268 NEOROLOGICI.

205 1409 308 1424 ......
326 1371 440 1422 maneat
460 1365 614 1421 devestitis
632 1365 824 1419 detunctorum
846 1365 1014 1435 1111111(1)
1037 1367 1115 1436 prius
1141 1366 1172 1419 in
1195 1365 1253 1422 alia
1275 1367 1389 1428 kartba,
1416 1385 1488 1435 quae
1511 1371 1595 1421 antea
1618 1366 1747 1420 similiter

100 1457 194 1508 luerat
211 1456 375 1525 conscripta,
394 1455 441 1510 sed
459 1473 477 1508 a
495 1453 592 1508 scribis
610 1455 694 1522 mpla
711 1455 740 1506 et
756 1453 879 1507 lacerata
896 1453 1011 1509 interire
1024 1456 1061 1522 (1)
1076 1453 1176 1525 potuit.
1213 1452 1327 1507 nomina
1344 1453 1430 1507 etiam
1449 1457 1547 1523 postea
1564 1455 1598 1508 (11
1617 1455 1669 1507 hac
1687 1453 1747 1507 vita

99 1542 293 1597 decedentium
306 1543 425 1597 (111111
438 1541 574 1596 conscribi
586 1541 654 1595 11111
665 1557 698 1594 11
709 1540 862 1610 presentari
875 1541 919 1610 (1),
936 1540 1075 1612 incipieus
1086 1560 1104 1595 a
1116 1541 1229 1596 domino
1241 1541 1421 1611 Reginberto,
1439 1541 1506 1596 dicti
1522 1541 1576 1596 loci
1589 1541 1746 1605 fundatore,

99 1630 251 1700 assignatis
269 1631 382 1701 insuper
399 1630 551 1701 sepulchris
569 1629 628 1683 sive
645 1628 722 1692 locis,
739 1627 769 1681 in
787 1627 889 1697 quibus
907 1646 969 1683 ossa
985 1632 1200 1684 memoratorum
1219 1629 1397 1698 requiescunt
1413 1629 1555 1683 abbatum.

203 1719 242 1773 IV
260 1717 394 1772 kalendas
412 1716 535 1772 Ianuarii
554 1717 598 1772 ob.
616 1716 733 1771 domnus
751 1714 947 1785 llegiubertns,
965 1716 1097 1770 fundator
1114 1716 1169 1771 1111
1187 1717 1277 1770 111111.

204 1805 285 1859 Auno
303 1804 409 1860 domini
423 1805 489 1859 1036
507 1803 666 1857 dedicatum
688 1804 731 1856 est
748 1805 827 1855 vetus
848 1802 1047 1856 monasterium
1066 1802 1116 1857 sub
1130 1803 1281 1873 Beringero
1300 1841 1561 1857 .............
1581 1800 1747 1870 Beringerus

100 1889 207 1958 primus
225 1891 289 1947 abb.
307 1891 361 1946 loci
379 1891 473 1954 istius,
491 1893 640 1961 postquam
654 1889 690 1958 (1)
710 1905 759 1958 per
776 1887 879 1942 multos
897 1906 985 1944 annos
1002 1890 1094 1944 locum
1112 1890 1195 1944 istum
1216 1893 1327 1944 strenus
1344 1907 1377 1943 11
1395 1888 1577 1942 laudabiliter
1594 1887 1679 1953 rexit,
1698 1887 1746 1955 qui

100 1979 130 2031 et
147 1980 228 2031 vetus
247 2018 293 2032 ...
312 1978 553 2048 [monasterium?]
573 2014 797 2032 ............
815 1974 933 2041 Nicolai,
952 1975 1033 2030 istius
1052 2016 1076 2031 ..
1092 2017 1117 2031 ..
1137 1975 1191 2046 [ob.
1205 1992 1279 2029 1111
1291 1975 1397 2029 (1111111
1412 1975 1479 2030 1045
1494 1974 1532 2043 et]
1551 1974 1625 2028 iacet
1643 1973 1747 2044 [tumu-

100 2063 185 2134 latus]
204 2063 264 2118 loco
282 2104 495 2120 ...........
513 2064 544 2119 in
562 2063 704 2132 sarcofago
723 2065 789 2116 ante
807 2061 897 2116 altare
915 2082 935 2118 s.
954 2063 1100 2134 lla[rtiui].

204 2151 284 2206 Anno
308 2150 414 2206 domini
439 2152 518 2215 1068,
540 2151 595 2206 IIlI
612 2148 746 2203 kalendas
769 2147 909 2214 Octobris,
938 2148 981 2204 ob.
1005 2149 1173 2204 venerabilis
1196 2149 1259 2204 abb.
1278 2149 1459 2212 wernherus,
1485 2149 1532 2218 qui
1558 2151 1632 2203 hunc
1656 2149 1747 2202 locuni

99 2237 237 2292 secundus
260 2237 369 2307 accepit
392 2237 428 2292 ad
452 2237 612 2307 regendum.
647 2235 700 2289 Hic
718 2235 874 2304 cappellam
897 2255 916 2290 s.
935 2235 1100 2291 Michahelis
1118 2240 1148 2291 et
1169 2237 1284 2291 terciam
1304 2238 1412 2306 partem
1432 2235 1533 2290 veteris
1550 2235 1662 2290 claustri
1683 2252 1747 2289 con·

99 2323 203 2377 struxit
220 2341 253 2379 ac
275 2342 304 2378 11
322 2324 431 2394 sibique
450 2323 607 2378 commissos
626 2321 776 2376 secundum
794 2321 878 2376 deum
895 2321 1029 2377 instituit.
1064 2323 1099 2378 Et
1116 2323 1191 2378 iacet
1209 2324 1363 2377 tumulatus
1381 2321 1411 2375 in
1429 2321 1528 2376 absida
1548 2341 1582 2377 ss.
1601 2321 1701 2376 Felicis
1719 2323 1748 2375 et

100 2409 210 2479 Regale
228 2409 258 2464 in
276 2410 396 2465 secundo
414 2411 476 2464 loco
494 2409 605 2463 ibidem.

204 2497 285 2550 Auno
308 2495 414 2551 domini
438 2497 518 2560 1086,
541 2496 580 2550 VI
602 2495 665 2550 idus
683 2495 825 2562 Octobris,
851 2495 893 2550 ob.
912 2495 1083 2550 Giselbertns
1106 2496 1206 2551 tertius
1229 2496 1292 2550 abb.
1312 2496 1365 2552 loci
1384 2496 1473 2551 istius.
1511 2497 1647 2566 Tempore
1665 2496 1747 2550 buius

99 2582 268 2637 sanctissimi
285 2582 373 2652 patris
391 2582 450 2637 vita
469 2585 497 2636 et
508 2582 684 2637 conversacio
695 2584 812 2637 fratrum
825 2584 905 2636 extra
917 2583 1068 2636 claustrum
1081 2582 1306 2637 conversancium
1319 2583 1364 2637 bie
1377 2583 1497 2652 sumpsit
1509 2583 1632 2638 inicium.
1669 2583 1748 2636 Misit

99 2669 188 2722 eciam
206 2668 252 2723 hic
269 2688 289 2725 s.
308 2673 389 2740 pater
406 2671 505 2724 fratres
523 2687 594 2735 snos,
612 2669 720 2724 scilieet
736 2669 868 2723 domnum
882 2669 1003 2723 Utonem
1021 2671 1051 2723 11
1067 2669 1199 2723 domnum
1214 2670 1395 2734 lluostenum,
1414 2669 1461 2739 qui
1482 2673 1546 2740 post
1561 2669 1652 2740 ipsum
1665 2669 1748 2724 huius

99 2757 154 2812 loci
178 2760 297 2813 rectores
321 2753 502 2824 exstiterunt,
526 2759 563 2813 ad
585 2758 793 2822 Fructuarinm,
818 2759 851 2811 ut
873 2756 939 2811 inde
960 2756 1121 2826 acciperent
1143 2757 1230 2812 nostri
1256 2757 1361 2812 ordinis
1385 2756 1559 2827 religionem.
1594 2755 1747 2810 Ecclesiam

99 2863 120 2900 s.
139 2844 275 2914 Stephani
301 2849 331 2900 et
351 2845 487 2915 capellam
511 2863 531 2899 s.
550 2844 695 2900 Benedicti
716 2845 776 2914 ipse
799 2843 963 2898 construxit.
999 2844 1176 2910 Quorundam
1199 2861 1264 2898 vero
1283 2845 1468 2914 proprietates
1486 2843 1528 2899 ita
1544 2844 1691 2907 restruxit,
1716 2847 1748 2898 nt

99 2931 254 2993 scutellam,
272 2949 343 3001 pene
357 2932 477 2986 nummis
489 2931 609 3001 plenam,
627 2931 777 3000 aquodam
790 2929 849 2986 sine
860 2930 979 2985 licencia
991 2933 1168 2992 reservatam,
1186 2930 1218 2984 in
1230 2948 1363 3000 magnum
1376 2931 1517 3002 gurgitem
1530 2930 1618 3001 proici
1630 2930 1747 2985 iuberet.

99 3016 165 3071 Fuit
188 3020 284 3072 autem
305 3017 335 3073 in
357 3018 493 3089 regimine
516 3017 600 3072 huius
623 3016 677 3072 loci
701 3019 733 3071 18
755 3016 836 3071 annis
854 3019 883 3072 11
902 3018 935 3071 13
952 3015 1058 3070 diebus.
1094 3017 1131 3071 Et
1148 3016 1221 3072 iacet
1239 3017 1365 3088 sepultus
1382 3018 1412 3072 in
1431 3017 1529 3072 absida
1546 3036 1580 3072 ss.
1600 3017 1700 3072 I‘elicis
1719 3019 1748 3071 et

98 3105 208 3174 Regale
227 3105 257 3158 in
275 3105 361 3160 tercio
379 3106 439 3160 1111
457 3105 569 3160 ibidem.

202 3191 285 3246 Anno
302 3190 407 3247 domini
427 3193 503 3257 1100,
521 3193 587 3247 Vlll
598 3191 726 3246 kalendis
739 3191 874 3256 Octobris,
893 3191 937 3246 ob.
954 3190 1073 3245 domnus
1086 3191 1149 3254 Uto,
1167 3190 1230 3246 abb.
1249 3195 1366 3260 quartus
1384 3191 1439 3246 loci
1458 3191 1547 3256 istius,
1566 3191 1614 3261 qui
1630 3190 1751 3245 sciencia

98 3278 128 3330 et
149 3276 292 3346 sapiencia
315 3295 348 3334 ae
369 3278 533 3348 eloquencia
556 3278 635 3348 quasi
659 3279 707 3332 lux
730 3277 821 3332 tocius
844 3276 967 3346 regionis
991 3277 1096 3331 extitit.
1133 3277 1277 3348 Principes
1301 3277 1375 3332 enirn
1394 3296 1428 3332 ac
1445 3277 1547 3332 divites
1567 3281 1596 3332 et
1614 3295 1750 3347 pauperes

98 3362 159 3416 eius
183 3365 354 3432 presenciam
377 3365 532 3435 querebant
553 3384 587 3420 ac
609 3364 668 3420 eius
692 3365 735 3419 uti
758 3363 881 3419 consiliis
905 3363 1063 3434 cupiebant.
1100 3364 1179 3418 Unde
1198 3368 1227 3418 et
1245 3363 1323 3434 prius
1341 3365 1455 3434 ignotus
1474 3365 1576 3419 claruit
1593 3365 1647 3418 iste
1666 3365 1750 3418 locus.

98 3449 154 3502 Res
179 3467 290 3519 quoque
311 3452 472 3507 monasterii
496 3452 552 3506 iam
577 3451 706 3523 ampliari
731 3454 760 3506 et
781 3467 911 3505 numerus
928 3450 980 3506 deo
999 3449 1182 3505 servieneium
1200 3451 1277 3521 cepit
1293 3452 1399 3522 augeri.
1436 3453 1629 3522 Quapropter
1647 3468 1749 3505 novum

97 3536 297 3591 monasterium
315 3538 423 3608 incepit
439 3542 468 3594 11
485 3539 602 3609 perfecit
619 3557 652 3594 ac
670 3556 720 3609 per
735 3539 805 3592 duos
823 3537 967 3609 episcopos
985 3537 1162 3593 Gebhardum
1176 3538 1420 3593 Constauciensem
1439 3542 1468 3593 et
1480 3539 1640 3594 Hccilonem
1654 3537 1750 3592 Havil-

98 3623 261 3691 bergensem
279 3624 462 3689 consecravit,
484 3626 515 3680 iu
537 3644 592 3696 quo
611 3625 717 3695 etipse
736 3625 862 3696 sepultus
880 3623 1001 3693 quiescit
1017 3624 1069 3679 sub
1088 3624 1212 3680 cancello
1231 3624 1378 3680 interduo
1397 3625 1512 3690 altaria,
1534 3624 1643 3680 seilicet
1661 3625 1751 3678 altare

97 3728 119 3763 s.
139 3709 235 3764 Crucis
252 3712 282 3764 et
299 3710 426 3781 Corporis
444 3712 556 3767 Obristi.

202 3797 285 3851 Anno
302 3797 408 3852 domini
427 3799 506 3864 1125,
529 3799 581 3854 XII
599 3798 733 3852 kalendas
752 3797 892 3862 Octobris,
917 3795 960 3850 ob.
979 3797 1097 3852 domnus
1115 3798 1273 3852 Ituosteuus
1291 3798 1367 3862 abb,
1387 3797 1539 3852 monastice
1558 3797 1703 3868 religionis
1721 3799 1750 3851 et

97 3881 204 3937 ordinis
221 3887 313 3938 custos
330 3884 544 3948 amantissimus,
563 3888 658 3939 sancte
675 3883 865 3954 simplicitatis
885 3885 914 3938 et
931 3882 977 3953 pie
996 3883 1157 3938 innocencie
1176 3884 1304 3940 omuibus
1321 3885 1479 3954 exemplum
1491 3884 1554 3938 fuit.
1590 3884 1747 3938 Claustrum

97 3969 134 4023 ad
152 3969 286 4024 maiorem
303 3971 447 4027 ecclesiam
466 3971 609 4042 pertinens
627 3970 694 4026 feeit
710 3988 743 4025 ac
761 3971 899 4040 capellam
917 3973 947 4024 et
964 3970 1078 4025 domum
1095 3970 1267 4026 infimiorum
1285 3989 1337 4026 nec
1355 3989 1412 4026 non
1424 3974 1453 4025 et
1466 3970 1602 4040 capellam
1615 3972 1644 4025 et
1655 3969 1748 4024 sedem

97 4055 211 4126 abbatis
229 4057 391 4112 construxit.
426 4057 534 4113 Prefrut
550 4057 615 4111 huic
633 4057 693 4112 loco
712 4058 744 4110 l'l
760 4056 850 4124 annis,
869 4057 993 4126 exceptis
1005 4059 1022 4112 5
1034 4057 1141 4122 diebus,
1160 4060 1190 4112 et
1201 4058 1232 4112 in
1245 4058 1342 4113 multis
1354 4075 1397 4113 res
1410 4057 1571 4113 monasterii
1583 4056 1750 4120 melioravit,

98 4145 129 4198 et
147 4143 221 4198 iacet
239 4145 394 4199 tumulatus
412 4145 441 4199 11
460 4145 551 4216 cripta
569 4164 590 4200 s.
609 4144 693 4199 Petri.

202 4232 284 4286 11111
302 4231 408 4287 (1111111
427 4233 503 4296 1141,
519 4231 559 4287 1v
577 4248 665 4287 nouas
676 4230 805 4302 Augusti,
824 4231 867 4286 ob.
883 4230 1001 4286 domnus
1014 4230 1182 4285 Berhtoldus
1195 4231 1267 4297 abb,
1285 4231 1336 4302 qui
1348 4251 1391 4287 res
1403 4230 1565 4287 monasterii
1577 4230 1633 4286 suis
1647 4230 1750 4302 prediis

97 4316 179 4371 auxit
196 4320 226 4371 et
244 4317 303 4388 ipse
321 4319 395 4374 bunc
412 4318 503 4374 locum
520 4321 646 4388 tempore
663 4316 818 4388 periculoso
836 4317 872 4371 ad
890 4316 1044 4386 regendum
1062 4317 1193 4387 suscepit.
1228 4319 1291 4388 lpse
1310 4318 1388 4374 litem
1407 4322 1437 4374 et
1448 4318 1664 4374 controversiam
1677 4318 1751 4372 iuter

97 4403 174 4457 istud
192 4404 391 4459 monasterium
409 4407 439 4458 et
451 4404 625 4469 Basilienses,
643 4421 697 4473 que
715 4404 751 4458 ab
768 4403 989 4458 antecessoribus
1007 4403 1064 4458 suis
1082 4403 1136 4457 sibi
1154 4404 1253 4458 relicta
1264 4405 1363 4468 luerat,
1382 4405 1491 4460 sedavit
1503 4408 1533 4459 et
1545 4423 1596 4459 sua
1607 4404 1750 4475 sapiencia

97 4493 128 4544 et
150 4489 289 4545 industria
311 4491 477 4561 pacificavit.
512 4490 665 4561 Privilegio
687 4508 705 4544 a
722 4489 830 4545 duobus
848 4490 982 4545 Romanis
1000 4489 1179 4560 pontificibus
1197 4509 1230 4545 ac
1248 4490 1355 4545 duobus
1373 4491 1487 4561 regibus
1505 4491 1669 4560 acquisivit,
1695 4510 1750 4561 que

96 4580 128 4630 et
149 4575 209 4646 ipse
231 4594 342 4646 presens
365 4579 452 4634 111111
476 4577 657 4634 confirmavit.
698 4577 730 4630 In
751 4574 928 4646 acquirendis
946 4577 1039 4630 autern
1059 4576 1230 4631 ornamentis
1248 4577 1363 4632 ecclesie
1381 4580 1410 4632 et
1428 4578 1492 4632 aliis
1510 4577 1677 4632 utensilibus
1696 4578 1749 4632 loci

98 4668 157 4718 tam
176 4664 316 4719 studiosus
333 4665 397 4730 fuit,
415 4669 448 4720 ut
464 4665 565 4720 merito
584 4665 608 4720 ei
627 4664 663 4718 ab
680 4663 780 4718 incolis
798 4662 881 4718 huius
899 4662 954 4718 loci
967 4679 1022 4734 pax
1035 4665 1065 4717 11
1075 4662 1185 4732 requies
1197 4663 1302 4733 iugiter
1316 4667 1437 4734 aptetur.
1473 4665 1559 4719 Rexit
1569 4665 1643 4720 bunc
1655 4668 1750 4719 autem

96 4751 190 4805 locum
210 4751 341 4806 1611111
359 4752 482 4822 exceptis
500 4753 517 4806 1
535 4750 736 4806 ebdomadibus
754 4749 941 4805 11411111.
977 4749 1016 4805 ur
1033 4749 1107 4804 iacet
1125 4750 1281 4805 tumulatus

204 4838 284 4893 Auno
305 4839 411 4893 domini
435 4839 513 4902 1170,
537 4839 590 4894 XII
607 4837 742 4893 kalendas
759 4836 916 4901 Februarii,
940 4837 983 4891 ob.
1007 4835 1124 4891 domnus
1143 4837 1315 4902 Guutherus,
1340 4838 1403 4892 abb.
1428 4838 1511 4893 huius
1530 4837 1597 4903 loci,
1623 4841 1653 4893 et
1676 4839 1751 4894 iacet

97 4925 255 4980 tumulatus
273 4925 303 4979 in
321 4926 450 4997 criptas.
469 4925 546 4981 Petri
564 4926 594 4980 in
612 4925 733 4980 secundo
751 4926 820 4979 loeo.

202 5013 284 5066 Auno
301 5011 407 5067 domini
426 5014 505 5076 1178,
523 5013 563 5067 Vl
579 5012 714 5067 kalendas
731 5010 820 5076 quii,
843 5012 887 5066 ob.
906 5011 1024 5066 domnus
1042 5012 1213 5066 Wernherus
1232 5012 1295 5067 abb.
1314 5013 1397 5068 huius
1415 5011 1477 5067 loci.
1514 5012 1564 5066 Vir
1581 5013 1637 5068 fnit
1654 5017 1748 5068 autem

95 5099 143 5154 bic
161 5098 330 5154 venerabilis
348 5102 428 5169 pater
445 5099 577 5154 nobiliori
595 5102 673 5154 ortus
684 5099 823 5168 prosapia,
841 5098 991 5169 singularis
1003 5099 1174 5153 humilitatis
1187 5101 1216 5153 et
1228 5099 1379 5168 paciencia,
1398 5099 1504 5154 nullum
1519 5099 1621 5164 ledeos,
1640 5101 1749 5155 nullum

96 5185 276 5252 contristans,
294 5203 389 5241 omues
406 5187 527 5250 amabat,
543 5185 580 5240 ab
596 5185 725 5240 omnibns
737 5185 892 5240 amabatur.
921 5186 1012 5240 Huius
1024 5186 1197 5256 temporibus
1210 5185 1245 5240 lis
1258 5203 1364 5240 annosa
1375 5186 1450 5241 inter
1462 5186 1537 5240 istud
1550 5189 1579 5242 et
1588 5187 1750 5242 Scasusense

95 5271 258 5336 cenobium,
283 5270 311 5340 [a
328 5273 478 5343 prioribus]
496 5272 648 5328 abbatibus
665 5271 772 5336 relicta,
795 5289 847 5326 sua
864 5272 1006 5343 sapiencia
1024 5276 1054 5327 et
1071 5273 1211 5328 industria
1228 5273 1376 5344 pacificata
1394 5276 1444 5328 est.
1480 5274 1567 5328 Rexit
1584 5278 1679 5330 autem
1697 5275 1750 5330 hoc

94 5359 246 5415 cenobium
274 5362 291 5414 5
314 5359 395 5414 annis
419 5360 486 5414 114
509 5359 658 5413 mensibus.
699 5359 735 5413 Et
759 5359 892 5429 quoniam
919 5359 971 5414 deo
999 5359 1105 5429 placita
1131 5363 1193 5414 erat
1218 5360 1313 5414 anima
1340 5360 1414 5424 eius,
1442 5361 1582 5415 diuturnis
1605 5365 1747 5417 excoctum

94 5445 309 5502 infirmitatibus
332 5446 492 5516 properavit
516 5447 631 5502 edocere
649 5445 729 5500 illum
747 5446 782 5500 de
801 5445 892 5501 medio
910 5445 1102 5514 iniquitatum.
1140 5447 1175 5500 Et
1192 5445 1266 5501 iacet
1283 5447 1410 5517 sepultus
1428 5451 1494 5502 ante
1512 5447 1601 5502 altare
1620 5450 1750 5519 Corporis

95 5539 127 5590 et
144 5533 297 5604 Sanguinis
315 5534 429 5589 domini.

203 5621 285 5674 11111
308 5621 513 5685 (1111111186,
537 5621 591 5677 XII
608 5618 742 5675 kalendas
761 5620 873 5684 Marcii,
897 5619 940 5674 ob.
964 5619 1092 5674 dominus
1111 5620 1271 5691 Dispertus,
1295 5621 1358 5676 abb.
1383 5621 1465 5676 huius
1488 5621 1541 5676 loci
1564 5624 1603 5687 9.,
1629 5625 1658 5678 11
1675 5623 1750 5680 11111

95 5707 256 5768 tumulatus
274 5711 340 5762 ante
358 5708 447 5762 altare
464 5727 499 5762 sa
517 5707 617 5763 Felicis
635 5710 664 5761 et
682 5707 789 5778 ltegule
807 5706 837 5761 in
855 5709 956 5780 quarte
975 5707 1043 5762 loce.

204 5808 285 5862 Nscn.
303 5810 366 5863 Auo.
385 5809 527 5862 01111111.
546 5809 608 5862 Oua.
1187 5809 1190 5814 '
1509 5805 1544 5862 42
