<?xml version="1.0" encoding="UTF-8"?>
<!DOCTYPE html PUBLIC "-//W3C//DTD XHTML 1.0 Transitional//EN"
    "http://www.w3.org/TR/xhtml1/DTD/xhtml1-transitional.dtd">
<html xmlns="http://www.w3.org/1999/xhtml" xml:lang="en" lang="en">
 <head>
  <title>
</title>
<meta http-equiv="Content-Type" content="text/html;charset=utf-8" />
  <meta name='ocr-system' content='tesseract 3.04.00' />
  <meta name='ocr-capabilities' content='ocr_page ocr_carea ocr_par ocr_line ocrx_word'/>
</head>
<body>
  <div class='ocr_page' id='page_1' title='image "./monumentagerman04mittgoog_0222.png"; bbox 0 0 4296 6434; ppageno 0'>
   <div class='ocr_carea' id='block_1_1' title="bbox 290 385 1845 455">
    <p class='ocr_par' dir='ltr' id='par_1_1' title="bbox 290 385 1845 455">
     <span class='ocr_line' id='line_1_1' title="bbox 290 385 1845 455; baseline 0.003 -14"><span class='ocrx_word' id='word_1_1' title='bbox 290 387 518 443; x_wconf 80' lang='lat' dir='ltr'>FRAGMENTA</span> <span class='ocrx_word' id='word_1_2' title='bbox 536 387 636 442; x_wconf 83' lang='lat' dir='ltr'>LIBRI</span> <span class='ocrx_word' id='word_1_3' title='bbox 653 385 1012 444; x_wconf 75' lang='lat' dir='ltr'>ANNIVIIRSARIOIIUM</span> <span class='ocrx_word' id='word_1_4' title='bbox 1030 385 1226 444; x_wconf 68' lang='lat' dir='ltr'><strong><em>coctumst</em></strong></span> <span class='ocrx_word' id='word_1_5' title='bbox 1244 387 1391 444; x_wconf 74' lang='lat' dir='ltr'><strong><em>cottus.</em></strong></span> <span class='ocrx_word' id='word_1_6' title='bbox 1410 387 1743 446; x_wconf 73' lang='lat' dir='ltr'>SINDELXINGENSIS.</span> <span class='ocrx_word' id='word_1_7' title='bbox 1783 391 1845 455; x_wconf 79' lang='grc'><strong>209</strong></span> 
     </span>
    </p>
   </div>
   <div class='ocr_carea' id='block_1_2' title="bbox 234 941 1809 1194">
    <p class='ocr_par' dir='ltr' id='par_1_2' title="bbox 234 941 1809 1194">
     <span class='ocr_line' id='line_1_2' title="bbox 328 941 1714 1038; baseline 0.001 -4"><span class='ocrx_word' id='word_1_8' title='bbox 328 941 773 1038; x_wconf 77' lang='lat' dir='ltr'><strong>FRAGMENTA</strong></span> <span class='ocrx_word' id='word_1_9' title='bbox 807 941 1006 1036; x_wconf 85' lang='lat' dir='ltr'>LIBRI</span> <span class='ocrx_word' id='word_1_10' title='bbox 1040 941 1714 1037; x_wconf 78' lang='lat' dir='ltr'>ANNIVERSARIORUM</span> 
     </span>
     <span class='ocr_line' id='line_1_3' title="bbox 234 1094 1809 1194; baseline -0.001 -3"><span class='ocrx_word' id='word_1_11' title='bbox 234 1095 623 1193; x_wconf 82' lang='lat' dir='ltr'>ECOLESIAE</span> <span class='ocrx_word' id='word_1_12' title='bbox 655 1097 1139 1194; x_wconf 81' lang='lat' dir='ltr'>COLLEGIATAE</span> <span class='ocrx_word' id='word_1_13' title='bbox 1177 1094 1809 1193; x_wconf 81' lang='lat' dir='ltr'>SINDELFINGENSIS.</span> 
     </span>
    </p>
   </div>
   <div class='ocr_carea' id='block_1_3' title="bbox 193 1325 1849 2580">
    <p class='ocr_par' dir='ltr' id='par_1_3' title="bbox 193 1325 1849 2580">
     <span class='ocr_line' id='line_1_4' title="bbox 299 1325 1848 1436; baseline -0.002 -18"><span class='ocrx_word' id='word_1_14' title='bbox 299 1325 413 1418; x_wconf 67' lang='lat' dir='ltr'><strong><em>Libri</em></strong></span> <span class='ocrx_word' id='word_1_15' title='bbox 434 1354 727 1418; x_wconf 78' lang='lat' dir='ltr'><strong><em>anniversariorum</em></strong></span> <span class='ocrx_word' id='word_1_16' title='bbox 749 1352 893 1418; x_wconf 75' lang='lat' dir='ltr'><strong><em>ecclcsiae</em></strong></span> <span class='ocrx_word' id='word_1_17' title='bbox 914 1352 1092 1436; x_wconf 70' lang='lat' dir='ltr'><strong><em>coltcpiatao</em></strong></span> <span class='ocrx_word' id='word_1_18' title='bbox 1108 1351 1366 1436; x_wconf 76' lang='lat' dir='ltr'><strong><em>Siudclfiupeusis</em></strong></span> <span class='ocrx_word' id='word_1_19' title='bbox 1387 1353 1454 1416; x_wconf 82' lang='lat' dir='ltr'><strong><em>iarn</em></strong></span> <span class='ocrx_word' id='word_1_20' title='bbox 1475 1351 1598 1417; x_wconf 82' lang='lat' dir='ltr'><strong><em>sacculo</em></strong></span> <span class='ocrx_word' id='word_1_21' title='bbox 1611 1351 1673 1416; x_wconf 86' lang='lat' dir='ltr'><strong><em>XI.</em></strong></span> <span class='ocrx_word' id='word_1_22' title='bbox 1696 1373 1718 1416; x_wconf 94' lang='lat' dir='ltr'><strong><em>a</em></strong></span> <span class='ocrx_word' id='word_1_23' title='bbox 1739 1351 1848 1416; x_wconf 81' lang='lat' dir='ltr'><strong><em>comite</em></strong></span> 
     </span>
     <span class='ocr_line' id='line_1_5' title="bbox 195 1453 1848 1540; baseline -0.002 -18"><span class='ocrx_word' id='word_1_24' title='bbox 195 1456 363 1523; x_wconf 80' lang='lat' dir='ltr'><strong><em>Adctbcrto</em></strong></span> <span class='ocrx_word' id='word_1_25' title='bbox 377 1457 415 1521; x_wconf 81' lang='lat' dir='ltr'><strong><em>do</em></strong></span> <span class='ocrx_word' id='word_1_26' title='bbox 430 1456 517 1523; x_wconf 83' lang='lat' dir='ltr'><strong><em>Catu</em></strong></span> <span class='ocrx_word' id='word_1_27' title='bbox 534 1457 691 1539; x_wconf 76' lang='lat' dir='ltr'><strong><em>fundatae</em></strong></span> <span class='ocrx_word' id='word_1_28' title='bbox 710 1462 835 1521; x_wconf 82' lang='lat' dir='ltr'><strong><em>tautum</em></strong></span> <span class='ocrx_word' id='word_1_29' title='bbox 848 1456 1036 1540; x_wconf 72' lang='lat' dir='ltr'><strong><em>fraqooeuto,</em></strong></span> <span class='ocrx_word' id='word_1_30' title='bbox 1058 1477 1139 1538; x_wconf 79' lang='lat' dir='ltr'><strong><em>quac</em></strong></span> <span class='ocrx_word' id='word_1_31' title='bbox 1159 1454 1295 1522; x_wconf 80' lang='lat' dir='ltr'><strong><em>Orosius</em></strong></span> <span class='ocrx_word' id='word_1_32' title='bbox 1310 1461 1339 1520; x_wconf 87' lang='lat' dir='ltr'><strong><em>ct</em></strong></span> <span class='ocrx_word' id='word_1_33' title='bbox 1356 1455 1586 1521; x_wconf 80' lang='lat' dir='ltr'><strong><em>Gabeltcooerus</em></strong></span> <span class='ocrx_word' id='word_1_34' title='bbox 1605 1455 1641 1518; x_wconf 88' lang='lat' dir='ltr'><strong><em>iu</em></strong></span> <span class='ocrx_word' id='word_1_35' title='bbox 1656 1453 1848 1519; x_wconf 74' lang='lat' dir='ltr'><strong><em>collectaneis</em></strong></span> 
     </span>
     <span class='ocr_line' id='line_1_6' title="bbox 193 1557 1848 1643; baseline -0.002 -17"><span class='ocrx_word' id='word_1_36' title='bbox 193 1563 264 1626; x_wconf 74' lang='lat' dir='ltr'><strong><em>soris</em></strong></span> <span class='ocrx_word' id='word_1_37' title='bbox 292 1560 415 1626; x_wconf 75' lang='lat' dir='ltr'><strong><em>saemoto</em></strong></span> <span class='ocrx_word' id='word_1_38' title='bbox 439 1561 535 1626; x_wconf 86' lang='lat' dir='ltr'><strong><em>XVI.</em></strong></span> <span class='ocrx_word' id='word_1_39' title='bbox 565 1567 696 1626; x_wconf 68' lang='lat' dir='ltr'><strong><em>uuus</em></strong></span> <span class='ocrx_word' id='word_1_40' title='bbox 722 1583 739 1626; x_wconf 88' lang='lat' dir='ltr'><strong><em>c</em></strong></span> <span class='ocrx_word' id='word_1_41' title='bbox 764 1562 867 1626; x_wconf 88' lang='lat' dir='ltr'><strong><em>codice</em></strong></span> <span class='ocrx_word' id='word_1_42' title='bbox 895 1583 917 1626; x_wconf 88' lang='lat' dir='ltr'><strong><em>a</em></strong></span> <span class='ocrx_word' id='word_1_43' title='bbox 948 1559 1093 1628; x_wconf 81' lang='lat' dir='ltr'><strong><em>Ooorodo</em></strong></span> <span class='ocrx_word' id='word_1_44' title='bbox 1122 1561 1160 1625; x_wconf 87' lang='lat' dir='ltr'><strong><em>dc</em></strong></span> <span class='ocrx_word' id='word_1_45' title='bbox 1188 1559 1406 1643; x_wconf 74' lang='lat' dir='ltr'><strong><em>Wurrutiupcu</em></strong></span> <span class='ocrx_word' id='word_1_46' title='bbox 1433 1558 1583 1624; x_wconf 86' lang='lat' dir='ltr'><strong><em>canonico</em></strong></span> <span class='ocrx_word' id='word_1_47' title='bbox 1607 1557 1848 1641; x_wconf 74' lang='lat' dir='ltr'><strong><em>Siudctfiuycasi</em></strong></span> 
     </span>
     <span class='ocr_line' id='line_1_7' title="bbox 193 1655 1847 1750; baseline -0.002 -20"><span class='ocrx_word' id='word_1_48' title='bbox 193 1666 281 1750; x_wconf 86' lang='lat' dir='ltr'><strong><em>(uide</em></strong></span> <span class='ocrx_word' id='word_1_49' title='bbox 303 1669 332 1730; x_wconf 89' lang='lat'><strong><em>7.</em></strong></span> <span class='ocrx_word' id='word_1_50' title='bbox 355 1665 459 1744; x_wconf 74' lang='lat' dir='ltr'><strong><em>Febr,</em></strong></span> <span class='ocrx_word' id='word_1_51' title='bbox 483 1666 534 1730; x_wconf 89' lang='grc'><strong><em>15.</em></strong></span> <span class='ocrx_word' id='word_1_52' title='bbox 557 1655 685 1743; x_wconf 79' lang='lat' dir='ltr'><strong><em>Martii,</em></strong></span> <span class='ocrx_word' id='word_1_53' title='bbox 707 1667 759 1730; x_wconf 83' lang='lat'><strong><em>22.</em></strong></span> <span class='ocrx_word' id='word_1_54' title='bbox 783 1666 874 1747; x_wconf 74' lang='lat' dir='ltr'><strong><em>Apu,</em></strong></span> <span class='ocrx_word' id='word_1_55' title='bbox 896 1667 949 1730; x_wconf 85' lang='lat'><strong><em>22.</em></strong></span> <span class='ocrx_word' id='word_1_56' title='bbox 973 1665 1062 1742; x_wconf 84' lang='lat' dir='ltr'><strong><em>Nou,</em></strong></span> <span class='ocrx_word' id='word_1_57' title='bbox 1083 1668 1114 1728; x_wconf 82' lang='lat'><strong><em>4.</em></strong></span> <span class='ocrx_word' id='word_1_58' title='bbox 1137 1661 1473 1748; x_wconf 77' lang='grc' dir='ltr'><strong>515.1)55.)εα55515</strong></span> <span class='ocrx_word' id='word_1_59' title='bbox 1497 1662 1599 1727; x_wconf 81' lang='lat' dir='ltr'>XIII.</span> <span class='ocrx_word' id='word_1_60' title='bbox 1624 1667 1754 1726; x_wconf 75' lang='lat' dir='ltr'><strong><em>crocuatc</em></strong></span> <span class='ocrx_word' id='word_1_61' title='bbox 1775 1683 1847 1727; x_wconf 80' lang='grc'><strong>(55-</strong></span> 
     </span>
     <span class='ocr_line' id='line_1_8' title="bbox 193 1764 1847 1852; baseline -0.004 -17"><span class='ocrx_word' id='word_1_62' title='bbox 193 1770 275 1852; x_wconf 82' lang='lat' dir='ltr'><strong><em>fccto</em></strong></span> <span class='ocrx_word' id='word_1_63' title='bbox 297 1775 327 1834; x_wconf 88' lang='lat' dir='ltr'><strong><em>et</em></strong></span> <span class='ocrx_word' id='word_1_64' title='bbox 348 1791 448 1851; x_wconf 78' lang='lat' dir='ltr'><strong><em>usquc</em></strong></span> <span class='ocrx_word' id='word_1_65' title='bbox 468 1769 506 1833; x_wconf 84' lang='lat' dir='ltr'><strong><em>iu</em></strong></span> <span class='ocrx_word' id='word_1_66' title='bbox 526 1768 688 1834; x_wconf 68' lang='lat' dir='ltr'><strong><em>saeuitum</em></strong></span> <span class='ocrx_word' id='word_1_67' title='bbox 712 1768 807 1834; x_wconf 86' lang='lat' dir='ltr'><strong><em>XVI.</em></strong></span> <span class='ocrx_word' id='word_1_68' title='bbox 831 1771 1015 1835; x_wconf 87' lang='lat' dir='ltr'><strong><em>coutiuuoto</em></strong></span> <span class='ocrx_word' id='word_1_69' title='bbox 1036 1773 1271 1851; x_wconf 76' lang='lat' dir='ltr'><strong><em>excerpserunt,</em></strong></span> <span class='ocrx_word' id='word_1_70' title='bbox 1298 1769 1402 1832; x_wconf 87' lang='lat' dir='ltr'><strong><em>adbuc</em></strong></span> <span class='ocrx_word' id='word_1_71' title='bbox 1424 1770 1602 1846; x_wconf 79' lang='lat' dir='ltr'><strong><em>supersunt.</em></strong></span> <span class='ocrx_word' id='word_1_72' title='bbox 1649 1765 1738 1830; x_wconf 87' lang='lat' dir='ltr'><strong><em>Haec</em></strong></span> <span class='ocrx_word' id='word_1_73' title='bbox 1758 1764 1847 1848; x_wconf 73' lang='lat' dir='ltr'><strong><em>fraq-</em></strong></span> 
     </span>
     <span class='ocr_line' id='line_1_9' title="bbox 194 1870 1849 1956; baseline -0.002 -18"><span class='ocrx_word' id='word_1_74' title='bbox 194 1879 300 1938; x_wconf 84' lang='lat' dir='ltr'><strong><em>menta</em></strong></span> <span class='ocrx_word' id='word_1_75' title='bbox 328 1873 538 1938; x_wconf 73' lang='lat' dir='ltr'><strong><em>sollertissimo</em></strong></span> <span class='ocrx_word' id='word_1_76' title='bbox 564 1872 837 1937; x_wconf 67' lang='grc'><strong>5155155555555</strong></span> <span class='ocrx_word' id='word_1_77' title='bbox 863 1872 896 1939; x_wconf 85' lang='lat' dir='ltr'><strong><em>G.</em></strong></span> <span class='ocrx_word' id='word_1_78' title='bbox 915 1874 956 1939; x_wconf 84' lang='lat' dir='ltr'><strong><em>F.</em></strong></span> <span class='ocrx_word' id='word_1_79' title='bbox 977 1873 1076 1956; x_wconf 73' lang='lat' dir='ltr'><strong><em>Haup</em></strong></span> <span class='ocrx_word' id='word_1_80' title='bbox 1106 1895 1145 1938; x_wconf 82' lang='lat' dir='ltr'><strong><em>eu</em></strong></span> <span class='ocrx_word' id='word_1_81' title='bbox 1175 1873 1226 1937; x_wconf 85' lang='lat' dir='ltr'><strong><em>bis</em></strong></span> <span class='ocrx_word' id='word_1_82' title='bbox 1254 1871 1447 1938; x_wconf 77' lang='lat' dir='ltr'><strong><em>collectarius</em></strong></span> <span class='ocrx_word' id='word_1_83' title='bbox 1474 1871 1656 1952; x_wconf 74' lang='lat' dir='ltr'><strong><em>deprompta</em></strong></span> <span class='ocrx_word' id='word_1_84' title='bbox 1682 1870 1849 1935; x_wconf 80' lang='lat' dir='ltr'><strong><em>couiuucit</em></strong></span> 
     </span>
     <span class='ocr_line' id='line_1_10' title="bbox 193 1974 1844 2060; baseline -0.002 -18"><span class='ocrx_word' id='word_1_85' title='bbox 193 1999 266 2042; x_wconf 87' lang='lat' dir='ltr'><strong><em>cum</em></strong></span> <span class='ocrx_word' id='word_1_86' title='bbox 286 1976 472 2060; x_wconf 73' lang='lat' dir='ltr'><strong><em>frapmcutis</em></strong></span> <span class='ocrx_word' id='word_1_87' title='bbox 492 1976 632 2041; x_wconf 78' lang='lat' dir='ltr'><strong><em>chronici</em></strong></span> <span class='ocrx_word' id='word_1_88' title='bbox 647 1975 904 2060; x_wconf 73' lang='lat' dir='ltr'><strong><em>Siadottiuqcusis</em></strong></span> <span class='ocrx_word' id='word_1_89' title='bbox 918 1983 947 2041; x_wconf 90' lang='lat' dir='ltr'><strong><em>ct</em></strong></span> <span class='ocrx_word' id='word_1_90' title='bbox 965 1978 1106 2058; x_wconf 82' lang='lat' dir='ltr'><strong><em>primum</em></strong></span> <span class='ocrx_word' id='word_1_91' title='bbox 1122 1977 1284 2059; x_wconf 71' lang='lat' dir='ltr'><strong><em>fabioque</em></strong></span> <span class='ocrx_word' id='word_1_92' title='bbox 1305 1997 1391 2040; x_wconf 80' lang='lat' dir='ltr'><strong><em>anuo</em></strong></span> <span class='ocrx_word' id='word_1_93' title='bbox 1406 1978 1490 2039; x_wconf 84' lang='grc'><strong>1836</strong></span> <span class='ocrx_word' id='word_1_94' title='bbox 1512 1974 1620 2052; x_wconf 79' lang='lat' dir='ltr'><strong><em>edidit,</em></strong></span> <span class='ocrx_word' id='word_1_95' title='bbox 1643 1995 1726 2056; x_wconf 80' lang='lat' dir='ltr'><strong><em>quaa</em></strong></span> <span class='ocrx_word' id='word_1_96' title='bbox 1747 1974 1844 2039; x_wconf 80' lang='lat' dir='ltr'><strong><em>editio</em></strong></span> 
     </span>
     <span class='ocr_line' id='line_1_11' title="bbox 195 2078 1849 2159; baseline -0.003 -13"><span class='ocrx_word' id='word_1_97' title='bbox 195 2087 261 2146; x_wconf 82' lang='lat' dir='ltr'><strong><em>um</em></strong></span> <span class='ocrx_word' id='word_1_98' title='bbox 283 2085 437 2146; x_wconf 85' lang='lat' dir='ltr'><strong><em>accurata</em></strong></span> <span class='ocrx_word' id='word_1_99' title='bbox 457 2086 512 2158; x_wconf 87' lang='lat' dir='ltr'><strong><em>cst,</em></strong></span> <span class='ocrx_word' id='word_1_100' title='bbox 534 2086 571 2145; x_wconf 91' lang='lat' dir='ltr'><strong><em>ut</em></strong></span> <span class='ocrx_word' id='word_1_101' title='bbox 592 2082 755 2145; x_wconf 85' lang='lat' dir='ltr'><strong><em>rarissime</em></strong></span> <span class='ocrx_word' id='word_1_102' title='bbox 776 2086 902 2146; x_wconf 79' lang='lat' dir='ltr'><strong><em>torotouu</em></strong></span> <span class='ocrx_word' id='word_1_103' title='bbox 923 2102 992 2146; x_wconf 83' lang='lat' dir='ltr'><strong><em>cam</em></strong></span> <span class='ocrx_word' id='word_1_104' title='bbox 1014 2103 1030 2146; x_wconf 87' lang='lat' dir='ltr'><strong><em>e</em></strong></span> <span class='ocrx_word' id='word_1_105' title='bbox 1050 2081 1244 2146; x_wconf 82' lang='lat' dir='ltr'><strong><em>coltoctoucis</em></strong></span> <span class='ocrx_word' id='word_1_106' title='bbox 1263 2080 1372 2146; x_wconf 72' lang='lat' dir='ltr'><strong><em>aust</em></strong></span> <span class='ocrx_word' id='word_1_107' title='bbox 1393 2086 1423 2145; x_wconf 85' lang='lat' dir='ltr'><strong><em>ct</em></strong></span> <span class='ocrx_word' id='word_1_108' title='bbox 1439 2079 1644 2145; x_wconf 85' lang='lat' dir='ltr'><strong><em>Gabcbtcooeri</em></strong></span> <span class='ocrx_word' id='word_1_109' title='bbox 1657 2078 1747 2159; x_wconf 73' lang='lat' dir='ltr'><strong><em>ipsis,</em></strong></span> <span class='ocrx_word' id='word_1_110' title='bbox 1769 2078 1849 2142; x_wconf 82' lang='lat' dir='ltr'><strong><em>mibi</em></strong></span> 
     </span>
     <span class='ocr_line' id='line_1_12' title="bbox 194 2181 1849 2268; baseline -0.001 -20"><span class='ocrx_word' id='word_1_111' title='bbox 194 2205 217 2248; x_wconf 96' lang='lat' dir='ltr'><strong><em>a</em></strong></span> <span class='ocrx_word' id='word_1_112' title='bbox 238 2183 420 2250; x_wconf 75' lang='lat' dir='ltr'><strong><em>bibliotheca</em></strong></span> <span class='ocrx_word' id='word_1_113' title='bbox 439 2184 657 2248; x_wconf 80' lang='lat' dir='ltr'><strong><em>univcrsitatis</em></strong></span> <span class='ocrx_word' id='word_1_114' title='bbox 674 2184 880 2267; x_wconf 71' lang='lat' dir='ltr'><strong><em>Tubiuqauac</em></strong></span> <span class='ocrx_word' id='word_1_115' title='bbox 901 2190 930 2249; x_wconf 84' lang='lat' dir='ltr'><strong><em>et</em></strong></span> <span class='ocrx_word' id='word_1_116' title='bbox 946 2184 1129 2250; x_wconf 78' lang='lat' dir='ltr'><strong><em>bibliotheca</em></strong></span> <span class='ocrx_word' id='word_1_117' title='bbox 1149 2185 1237 2268; x_wconf 73' lang='lat' dir='ltr'><strong><em>repis</em></strong></span> <span class='ocrx_word' id='word_1_118' title='bbox 1251 2184 1384 2266; x_wconf 77' lang='lat' dir='ltr'><strong><em>publica</em></strong></span> <span class='ocrx_word' id='word_1_119' title='bbox 1401 2181 1647 2266; x_wconf 70' lang='lat' dir='ltr'><strong><em>fituttpardiaoa</em></strong></span> <span class='ocrx_word' id='word_1_120' title='bbox 1668 2181 1714 2245; x_wconf 88' lang='lat' dir='ltr'><strong><em>ad</em></strong></span> <span class='ocrx_word' id='word_1_121' title='bbox 1731 2182 1849 2247; x_wconf 84' lang='lat' dir='ltr'><strong><em>Foutes</em></strong></span> 
     </span>
     <span class='ocr_line' id='line_1_13' title="bbox 195 2286 1848 2370; baseline -0.003 -16"><span class='ocrx_word' id='word_1_122' title='bbox 195 2287 344 2354; x_wconf 75' lang='lat' dir='ltr'><strong><em>Danubii</em></strong></span> <span class='ocrx_word' id='word_1_123' title='bbox 365 2288 570 2366; x_wconf 71' lang='lat' dir='ltr'><strong><em>tramissis,</em></strong></span> <span class='ocrx_word' id='word_1_124' title='bbox 594 2289 755 2354; x_wconf 80' lang='lat' dir='ltr'><strong><em>uoeudori</em></strong></span> <span class='ocrx_word' id='word_1_125' title='bbox 776 2309 855 2370; x_wconf 84' lang='lat' dir='ltr'><strong><em>opus</em></strong></span> <span class='ocrx_word' id='word_1_126' title='bbox 875 2288 983 2370; x_wconf 81' lang='lat' dir='ltr'><strong><em>fuerit.</em></strong></span> <span class='ocrx_word' id='word_1_127' title='bbox 1005 2290 1181 2368; x_wconf 70' lang='lat' dir='ltr'><strong><em>Attamen,</em></strong></span> <span class='ocrx_word' id='word_1_128' title='bbox 1204 2295 1242 2353; x_wconf 88' lang='lat' dir='ltr'><strong><em>ut</em></strong></span> <span class='ocrx_word' id='word_1_129' title='bbox 1263 2289 1358 2354; x_wconf 82' lang='lat' dir='ltr'><strong><em>editio</em></strong></span> <span class='ocrx_word' id='word_1_130' title='bbox 1380 2307 1449 2353; x_wconf 82' lang='lat' dir='ltr'><strong><em>uua</em></strong></span> <span class='ocrx_word' id='word_1_131' title='bbox 1471 2309 1542 2351; x_wconf 88' lang='lat' dir='ltr'><strong><em>cum</em></strong></span> <span class='ocrx_word' id='word_1_132' title='bbox 1560 2286 1649 2352; x_wconf 77' lang='lat' dir='ltr'><strong><em>libris</em></strong></span> <span class='ocrx_word' id='word_1_133' title='bbox 1664 2287 1848 2351; x_wconf 87' lang='lat' dir='ltr'><strong><em>auuiocrsa·</em></strong></span> 
     </span>
     <span class='ocr_line' id='line_1_14' title="bbox 193 2390 1848 2476; baseline -0.002 -18"><span class='ocrx_word' id='word_1_134' title='bbox 193 2394 317 2458; x_wconf 81' lang='lat' dir='ltr'><strong><em>riorum</em></strong></span> <span class='ocrx_word' id='word_1_135' title='bbox 332 2398 493 2475; x_wconf 73' lang='lat' dir='ltr'><strong><em>cmopuoat,</em></strong></span> <span class='ocrx_word' id='word_1_136' title='bbox 515 2394 646 2457; x_wconf 78' lang='lat' dir='ltr'><strong><em>uomica</em></strong></span> <span class='ocrx_word' id='word_1_137' title='bbox 659 2393 696 2457; x_wconf 83' lang='lat' dir='ltr'><strong><em>iu</em></strong></span> <span class='ocrx_word' id='word_1_138' title='bbox 710 2392 775 2458; x_wconf 77' lang='lat' dir='ltr'><strong><em>iltis</em></strong></span> <span class='ocrx_word' id='word_1_139' title='bbox 789 2392 976 2476; x_wconf 74' lang='lat' dir='ltr'><strong><em>fraqouotis</em></strong></span> <span class='ocrx_word' id='word_1_140' title='bbox 990 2400 1227 2460; x_wconf 84' lang='lat' dir='ltr'><strong><em>commcowrota</em></strong></span> <span class='ocrx_word' id='word_1_141' title='bbox 1243 2415 1367 2471; x_wconf 86' lang='lat' dir='ltr'><strong><em>rursus,</em></strong></span> <span class='ocrx_word' id='word_1_142' title='bbox 1388 2392 1495 2475; x_wconf 86' lang='lat' dir='ltr'><strong><em>quoad</em></strong></span> <span class='ocrx_word' id='word_1_143' title='bbox 1507 2392 1579 2472; x_wconf 76' lang='lat' dir='ltr'><strong><em>fieri</em></strong></span> <span class='ocrx_word' id='word_1_144' title='bbox 1586 2391 1706 2471; x_wconf 80' lang='lat' dir='ltr'><strong><em>potuit,</em></strong></span> <span class='ocrx_word' id='word_1_145' title='bbox 1729 2390 1848 2469; x_wconf 85' lang='lat' dir='ltr'><strong><em>diebus,</em></strong></span> 
     </span>
     <span class='ocr_line' id='line_1_15' title="bbox 193 2496 1125 2580; baseline 0.002 -19"><span class='ocrx_word' id='word_1_146' title='bbox 193 2496 310 2579; x_wconf 80' lang='lat' dir='ltr'><strong><em>quobus</em></strong></span> <span class='ocrx_word' id='word_1_147' title='bbox 331 2497 367 2561; x_wconf 87' lang='lat' dir='ltr'><strong><em>iu</em></strong></span> <span class='ocrx_word' id='word_1_148' title='bbox 388 2497 457 2578; x_wconf 81' lang='lat' dir='ltr'><strong><em>ipso</em></strong></span> <span class='ocrx_word' id='word_1_149' title='bbox 477 2497 652 2562; x_wconf 85' lang='lat' dir='ltr'><strong><em>mortuario</em></strong></span> <span class='ocrx_word' id='word_1_150' title='bbox 673 2497 837 2578; x_wconf 72' lang='lat' dir='ltr'><strong><em>adscripta</em></strong></span> <span class='ocrx_word' id='word_1_151' title='bbox 858 2504 958 2577; x_wconf 82' lang='lat' dir='ltr'><strong><em>eraut,</em></strong></span> <span class='ocrx_word' id='word_1_152' title='bbox 981 2499 1125 2580; x_wconf 77' lang='lat' dir='ltr'><strong><em>opposui.</em></strong></span> 
     </span>
    </p>
   </div>
   <div class='ocr_carea' id='block_1_4' title="bbox 885 2797 1161 2872">
    <p class='ocr_par' dir='ltr' id='par_1_4' title="bbox 885 2797 1161 2872">
     <span class='ocr_line' id='line_1_16' title="bbox 885 2797 1161 2872; baseline 0.007 -2"><span class='ocrx_word' id='word_1_153' title='bbox 885 2797 1161 2872; x_wconf 87' lang='lat' dir='ltr'>IANUARIUS.</span> 
     </span>
    </p>
   </div>
   <div class='ocr_carea' id='block_1_5' title="bbox 194 2917 1850 3931">
    <p class='ocr_par' dir='ltr' id='par_1_5' title="bbox 194 2917 1850 3931">
     <span class='ocr_line' id='line_1_17' title="bbox 264 2917 1850 2992; baseline -0.002 -18"><span class='ocrx_word' id='word_1_154' title='bbox 264 2919 327 2975; x_wconf 83' lang='grc'><strong>’5155</strong></span> <span class='ocrx_word' id='word_1_155' title='bbox 362 2920 415 2976; x_wconf 85' lang='lat' dir='ltr'><strong><em>die.</em></strong></span> <span class='ocrx_word' id='word_1_156' title='bbox 455 2923 624 2977; x_wconf 81' lang='lat' dir='ltr'>Ann01284</span> <span class='ocrx_word' id='word_1_157' title='bbox 641 2920 790 2977; x_wconf 86' lang='lat' dir='ltr'><strong><em>Bertoldus</em></strong></span> <span class='ocrx_word' id='word_1_158' title='bbox 808 2920 916 2976; x_wconf 86' lang='lat' dir='ltr'><strong><em>qurid.</em></strong></span> <span class='ocrx_word' id='word_1_159' title='bbox 946 2921 1028 2975; x_wconf 84' lang='lat' dir='ltr'><strong><em>Anno</em></strong></span> <span class='ocrx_word' id='word_1_160' title='bbox 1047 2921 1116 2974; x_wconf 85' lang='grc'><strong>1308</strong></span> <span class='ocrx_word' id='word_1_161' title='bbox 1134 2921 1212 2992; x_wconf 78' lang='lat' dir='ltr'><strong><em>Egeri</em></strong></span> <span class='ocrx_word' id='word_1_162' title='bbox 1231 2919 1265 2974; x_wconf 90' lang='lat' dir='ltr'><strong><em>de</em></strong></span> <span class='ocrx_word' id='word_1_163' title='bbox 1284 2919 1460 2990; x_wconf 78' lang='lat' dir='ltr'><strong><em>Reudingen.</em></strong></span> <span class='ocrx_word' id='word_1_164' title='bbox 1490 2922 1572 2974; x_wconf 81' lang='lat' dir='ltr'><strong><em>Anno</em></strong></span> <span class='ocrx_word' id='word_1_165' title='bbox 1587 2920 1653 2973; x_wconf 83' lang='lat'>1309</span> <span class='ocrx_word' id='word_1_166' title='bbox 1665 2917 1850 2973; x_wconf 86' lang='lat' dir='ltr'><strong><em>Werndrudis</em></strong></span> 
     </span>
     <span class='ocr_line' id='line_1_18' title="bbox 504 3004 1847 3078; baseline -0.002 -17"><span class='ocrx_word' id='word_1_167' title='bbox 504 3007 581 3063; x_wconf 87' lang='grc'><strong>(11515</strong></span> <span class='ocrx_word' id='word_1_168' title='bbox 605 3007 780 3062; x_wconf 83' lang='lat' dir='ltr'><strong><em>Burcksrtin.</em></strong></span> <span class='ocrx_word' id='word_1_169' title='bbox 816 3008 898 3062; x_wconf 84' lang='lat' dir='ltr'><strong><em>Anno</em></strong></span> <span class='ocrx_word' id='word_1_170' title='bbox 922 3007 989 3061; x_wconf 83' lang='lat'><strong>1312</strong></span> <span class='ocrx_word' id='word_1_171' title='bbox 1011 3007 1146 3078; x_wconf 78' lang='lat' dir='ltr'><strong><em>Liucgsrt</em></strong></span> <span class='ocrx_word' id='word_1_172' title='bbox 1167 3007 1244 3062; x_wconf 87' lang='grc'><strong>(11515</strong></span> <span class='ocrx_word' id='word_1_173' title='bbox 1262 3005 1445 3078; x_wconf 71' lang='lat' dir='ltr'><strong><em>Vthiugeriu.</em></strong></span> <span class='ocrx_word' id='word_1_174' title='bbox 1481 3008 1563 3059; x_wconf 81' lang='lat' dir='ltr'><strong><em>Auno</em></strong></span> <span class='ocrx_word' id='word_1_175' title='bbox 1581 3004 1649 3060; x_wconf 92' lang='grc'><strong>1316</strong></span> <span class='ocrx_word' id='word_1_176' title='bbox 1672 3004 1847 3060; x_wconf 74' lang='grc'><strong>8151555555</strong></span> 
     </span>
     <span class='ocr_line' id='line_1_19' title="bbox 506 3091 1681 3164; baseline -0.001 -16"><span class='ocrx_word' id='word_1_177' title='bbox 506 3093 541 3149; x_wconf 83' lang='grc'><strong><em>(15</em></strong></span> <span class='ocrx_word' id='word_1_178' title='bbox 560 3094 724 3164; x_wconf 79' lang='lat' dir='ltr'><strong><em>Bbblingeu,</em></strong></span> <span class='ocrx_word' id='word_1_179' title='bbox 742 3093 846 3148; x_wconf 84' lang='lat' dir='ltr'><strong><em>ibidem</em></strong></span> <span class='ocrx_word' id='word_1_180' title='bbox 866 3093 998 3164; x_wconf 89' lang='lat' dir='ltr'><strong><em>sepultus.</em></strong></span> <span class='ocrx_word' id='word_1_181' title='bbox 1029 3094 1111 3148; x_wconf 79' lang='lat' dir='ltr'><strong><em>Anno</em></strong></span> <span class='ocrx_word' id='word_1_182' title='bbox 1131 3095 1199 3150; x_wconf 87' lang='grc'><strong>1360</strong></span> <span class='ocrx_word' id='word_1_183' title='bbox 1216 3094 1381 3150; x_wconf 81' lang='lat' dir='ltr'><strong><em>Adelhsidis</em></strong></span> <span class='ocrx_word' id='word_1_184' title='bbox 1400 3093 1477 3149; x_wconf 81' lang='lat' dir='ltr'><strong><em>dicta</em></strong></span> <span class='ocrx_word' id='word_1_185' title='bbox 1495 3091 1681 3162; x_wconf 77' lang='lat' dir='ltr'><strong><em>Moesbergin.</em></strong></span> 
     </span>
     <span class='ocr_line' id='line_1_20' title="bbox 210 3179 1287 3250; baseline -0.001 -15"><span class='ocrx_word' id='word_1_186' title='bbox 210 3183 235 3236; x_wconf 92' lang='grc'><strong><em>2.</em></strong></span> <span class='ocrx_word' id='word_1_187' title='bbox 306 3181 344 3236; x_wconf 90' lang='lat' dir='ltr'><strong><em>IV</em></strong></span> <span class='ocrx_word' id='word_1_188' title='bbox 364 3198 427 3236; x_wconf 88' lang='lat' dir='ltr'><strong><em>non.</em></strong></span> <span class='ocrx_word' id='word_1_189' title='bbox 454 3183 535 3236; x_wconf 82' lang='lat' dir='ltr'><strong><em>Anno</em></strong></span> <span class='ocrx_word' id='word_1_190' title='bbox 554 3181 622 3236; x_wconf 86' lang='grc'><strong>1282</strong></span> <span class='ocrx_word' id='word_1_191' title='bbox 639 3180 782 3236; x_wconf 81' lang='lat' dir='ltr'><strong><em>Walterus</em></strong></span> <span class='ocrx_word' id='word_1_192' title='bbox 799 3182 890 3236; x_wconf 86' lang='lat' dir='ltr'><strong><em>rector</em></strong></span> <span class='ocrx_word' id='word_1_193' title='bbox 906 3179 1039 3235; x_wconf 76' lang='lat' dir='ltr'><strong><em>ecclesius</em></strong></span> <span class='ocrx_word' id='word_1_194' title='bbox 1057 3179 1086 3234; x_wconf 87' lang='lat' dir='ltr'><strong><em>in</em></strong></span> <span class='ocrx_word' id='word_1_195' title='bbox 1105 3179 1287 3250; x_wconf 77' lang='lat' dir='ltr'><strong><em>Bbbeliugcn.</em></strong></span> 
     </span>
     <span class='ocr_line' id='line_1_21' title="bbox 194 3263 1849 3338; baseline -0.004 -14"><span class='ocrx_word' id='word_1_196' title='bbox 194 3271 236 3325; x_wconf 91' lang='grc'><strong><em>12.</em></strong></span> <span class='ocrx_word' id='word_1_197' title='bbox 318 3268 345 3322; x_wconf 90' lang='grc' dir='ltr'>Π</span> <span class='ocrx_word' id='word_1_198' title='bbox 363 3267 401 3324; x_wconf 89' lang='lat' dir='ltr'><strong><em>id.</em></strong></span> <span class='ocrx_word' id='word_1_199' title='bbox 455 3267 777 3324; x_wconf 72' lang='grc'><strong>15551461151155555</strong></span> <span class='ocrx_word' id='word_1_200' title='bbox 794 3267 881 3322; x_wconf 76' lang='lat' dir='ltr'><strong><em>Iborer</em></strong></span> <span class='ocrx_word' id='word_1_201' title='bbox 898 3266 982 3338; x_wconf 82' lang='grc'><strong>[555]</strong></span> <span class='ocrx_word' id='word_1_202' title='bbox 1000 3267 1031 3321; x_wconf 88' lang='grc'><strong><em>15</em></strong></span> <span class='ocrx_word' id='word_1_203' title='bbox 1049 3266 1255 3338; x_wconf 71' lang='lat' dir='ltr'><strong><em>Sindelfiugem</em></strong></span> <span class='ocrx_word' id='word_1_204' title='bbox 1273 3283 1413 3322; x_wconf 79' lang='lat' dir='ltr'><strong><em>successor</em></strong></span> <span class='ocrx_word' id='word_1_205' title='bbox 1431 3266 1490 3322; x_wconf 87' lang='lat' dir='ltr'><strong><em>eius</em></strong></span> <span class='ocrx_word' id='word_1_206' title='bbox 1508 3265 1563 3321; x_wconf 79' lang='lat' dir='ltr'><strong><em>fuit</em></strong></span> <span class='ocrx_word' id='word_1_207' title='bbox 1580 3265 1691 3321; x_wconf 85' lang='lat' dir='ltr'><strong><em>UIricus</em></strong></span> <span class='ocrx_word' id='word_1_208' title='bbox 1710 3263 1849 3319; x_wconf 77' lang='lat' dir='ltr'><strong><em>naturalis</em></strong></span> 
     </span>
     <span class='ocr_line' id='line_1_22' title="bbox 505 3352 1127 3424; baseline 0 -16"><span class='ocrx_word' id='word_1_209' title='bbox 505 3354 579 3410; x_wconf 80' lang='lat' dir='ltr'><strong><em>filius</em></strong></span> <span class='ocrx_word' id='word_1_210' title='bbox 598 3354 707 3410; x_wconf 85' lang='lat' dir='ltr'><strong><em>comitis</em></strong></span> <span class='ocrx_word' id='word_1_211' title='bbox 724 3352 858 3408; x_wconf 79' lang='lat' dir='ltr'><strong><em>LudovIci</em></strong></span> <span class='ocrx_word' id='word_1_212' title='bbox 877 3352 911 3408; x_wconf 83' lang='lat' dir='ltr'><strong><em>de</em></strong></span> <span class='ocrx_word' id='word_1_213' title='bbox 930 3353 1127 3424; x_wconf 79' lang='lat' dir='ltr'><strong><em>Wirtcmberg.</em></strong></span> 
     </span>
     <span class='ocr_line' id='line_1_23' title="bbox 196 3437 1848 3512; baseline -0.004 -14"><span class='ocrx_word' id='word_1_214' title='bbox 196 3443 237 3498; x_wconf 91' lang='grc'><strong><em>13.</em></strong></span> <span class='ocrx_word' id='word_1_215' title='bbox 361 3441 399 3495; x_wconf 91' lang='lat' dir='ltr'><strong><em>id.</em></strong></span> <span class='ocrx_word' id='word_1_216' title='bbox 454 3443 535 3496; x_wconf 77' lang='lat' dir='ltr'><strong><em>Anno</em></strong></span> <span class='ocrx_word' id='word_1_217' title='bbox 548 3442 614 3496; x_wconf 82' lang='grc'><strong>1457</strong></span> <span class='ocrx_word' id='word_1_218' title='bbox 627 3441 762 3512; x_wconf 77' lang='lat' dir='ltr'><strong><em>magister</em></strong></span> <span class='ocrx_word' id='word_1_219' title='bbox 774 3439 923 3495; x_wconf 81' lang='lat' dir='ltr'><strong><em>Hainricus</em></strong></span> <span class='ocrx_word' id='word_1_220' title='bbox 933 3441 1037 3511; x_wconf 81' lang='lat' dir='ltr'><strong><em>Tegsn,</em></strong></span> <span class='ocrx_word' id='word_1_221' title='bbox 1056 3440 1229 3496; x_wconf 83' lang='lat' dir='ltr'><strong><em>decretorum</em></strong></span> <span class='ocrx_word' id='word_1_222' title='bbox 1243 3441 1347 3506; x_wconf 90' lang='lat' dir='ltr'><strong><em>doctor,</em></strong></span> <span class='ocrx_word' id='word_1_223' title='bbox 1366 3458 1444 3511; x_wconf 83' lang='lat' dir='ltr'><strong><em>ppos.</em></strong></span> <span class='ocrx_word' id='word_1_224' title='bbox 1457 3440 1598 3510; x_wconf 83' lang='lat' dir='ltr'><strong><em>quondum</em></strong></span> <span class='ocrx_word' id='word_1_225' title='bbox 1610 3440 1698 3494; x_wconf 87' lang='lat' dir='ltr'><strong><em>huius</em></strong></span> <span class='ocrx_word' id='word_1_226' title='bbox 1707 3437 1848 3502; x_wconf 77' lang='lat' dir='ltr'><strong><em>ecclesius,</em></strong></span> 
     </span>
     <span class='ocr_line' id='line_1_24' title="bbox 505 3523 1848 3598; baseline -0.006 -14"><span class='ocrx_word' id='word_1_227' title='bbox 505 3529 550 3584; x_wconf 88' lang='lat' dir='ltr'><strong><em>cui</em></strong></span> <span class='ocrx_word' id='word_1_228' title='bbox 562 3528 694 3584; x_wconf 78' lang='lat' dir='ltr'><strong><em>suscessit</em></strong></span> <span class='ocrx_word' id='word_1_229' title='bbox 702 3528 839 3583; x_wconf 75' lang='lat' dir='ltr'><strong><em>Iohannes</em></strong></span> <span class='ocrx_word' id='word_1_230' title='bbox 849 3527 953 3598; x_wconf 75' lang='lat' dir='ltr'><strong><em>Tegea,</em></strong></span> <span class='ocrx_word' id='word_1_231' title='bbox 965 3543 1105 3582; x_wconf 78' lang='lat' dir='ltr'><strong><em>sacrorum</em></strong></span> <span class='ocrx_word' id='word_1_232' title='bbox 1117 3545 1256 3583; x_wconf 76' lang='lat' dir='ltr'><strong><em>canonum</em></strong></span> <span class='ocrx_word' id='word_1_233' title='bbox 1268 3527 1474 3592; x_wconf 76' lang='lat' dir='ltr'><strong><em>baccalaureus,</em></strong></span> <span class='ocrx_word' id='word_1_234' title='bbox 1488 3545 1574 3597; x_wconf 87' lang='lat' dir='ltr'><strong><em>nepos</em></strong></span> <span class='ocrx_word' id='word_1_235' title='bbox 1583 3525 1703 3597; x_wconf 81' lang='lat' dir='ltr'><strong><em>predicti</em></strong></span> <span class='ocrx_word' id='word_1_236' title='bbox 1712 3523 1848 3579; x_wconf 83' lang='lat' dir='ltr'><strong><em>Heinrici.</em></strong></span> 
     </span>
     <span class='ocr_line' id='line_1_25' title="bbox 197 3611 1848 3684; baseline -0.004 -12"><span class='ocrx_word' id='word_1_237' title='bbox 197 3617 238 3672; x_wconf 82' lang='lat'><strong><em>14.</em></strong></span> <span class='ocrx_word' id='word_1_238' title='bbox 279 3615 344 3670; x_wconf 86' lang='lat' dir='ltr'><strong><em>XIX</em></strong></span> <span class='ocrx_word' id='word_1_239' title='bbox 362 3614 418 3668; x_wconf 83' lang='lat' dir='ltr'><strong><em>ksl.</em></strong></span> <span class='ocrx_word' id='word_1_240' title='bbox 453 3616 535 3670; x_wconf 77' lang='lat' dir='ltr'><strong><em>Anno</em></strong></span> <span class='ocrx_word' id='word_1_241' title='bbox 554 3613 1115 3684; x_wconf 73' lang='grc'><strong>130251).(16515511555551515),11115</strong></span> <span class='ocrx_word' id='word_1_242' title='bbox 1134 3615 1243 3671; x_wconf 87' lang='lat' dir='ltr'><strong><em>comitis</em></strong></span> <span class='ocrx_word' id='word_1_243' title='bbox 1261 3615 1372 3670; x_wconf 85' lang='lat' dir='ltr'><strong><em>Rudolfi</em></strong></span> <span class='ocrx_word' id='word_1_244' title='bbox 1391 3615 1461 3670; x_wconf 91' lang='lat' dir='ltr'><strong><em>dicti</em></strong></span> <span class='ocrx_word' id='word_1_245' title='bbox 1480 3615 1601 3680; x_wconf 87' lang='lat' dir='ltr'><strong><em>Scherer‚</em></strong></span> <span class='ocrx_word' id='word_1_246' title='bbox 1620 3613 1650 3668; x_wconf 86' lang='lat' dir='ltr'><strong><em>iu</em></strong></span> <span class='ocrx_word' id='word_1_247' title='bbox 1665 3611 1848 3667; x_wconf 81' lang='lat' dir='ltr'><strong><em>Bebenhusen</em></strong></span> 
     </span>
     <span class='ocr_line' id='line_1_26' title="bbox 507 3702 618 3758; baseline 0.009 -2"><span class='ocrx_word' id='word_1_248' title='bbox 507 3702 618 3758; x_wconf 80' lang='lat' dir='ltr'><strong><em>dormit.</em></strong></span> 
     </span>
     <span class='ocr_line' id='line_1_27' title="bbox 195 3788 1039 3859; baseline -0.002 -14"><span class='ocrx_word' id='word_1_249' title='bbox 195 3790 237 3845; x_wconf 87' lang='grc'><strong>30.</strong></span> <span class='ocrx_word' id='word_1_250' title='bbox 307 3789 348 3844; x_wconf 95' lang='lat' dir='ltr'><strong><em>III</em></strong></span> <span class='ocrx_word' id='word_1_251' title='bbox 365 3788 422 3843; x_wconf 82' lang='lat' dir='ltr'><strong><em>IrsI.</em></strong></span> <span class='ocrx_word' id='word_1_252' title='bbox 456 3791 539 3844; x_wconf 83' lang='lat' dir='ltr'><strong><em>Auno</em></strong></span> <span class='ocrx_word' id='word_1_253' title='bbox 557 3789 624 3844; x_wconf 87' lang='grc'><strong>1316</strong></span> <span class='ocrx_word' id='word_1_254' title='bbox 642 3788 716 3844; x_wconf 75' lang='lat' dir='ltr'><strong><em>emo</em></strong></span> <span class='ocrx_word' id='word_1_255' title='bbox 734 3805 803 3844; x_wconf 89' lang='lat' dir='ltr'><strong><em>com.</em></strong></span> <span class='ocrx_word' id='word_1_256' title='bbox 821 3789 856 3844; x_wconf 86' lang='lat' dir='ltr'><strong><em>ds</em></strong></span> <span class='ocrx_word' id='word_1_257' title='bbox 874 3789 1039 3859; x_wconf 79' lang='lat' dir='ltr'><strong><em>waingen.</em></strong></span> 
     </span>
     <span class='ocr_line' id='line_1_28' title="bbox 268 3875 1486 3931; baseline -0.001 0"><span class='ocrx_word' id='word_1_258' title='bbox 268 3877 328 3931; x_wconf 85' lang='lat' dir='ltr'><strong><em>siue</em></strong></span> <span class='ocrx_word' id='word_1_259' title='bbox 362 3876 416 3931; x_wconf 82' lang='lat' dir='ltr'><strong><em>die.</em></strong></span> <span class='ocrx_word' id='word_1_260' title='bbox 455 3876 537 3930; x_wconf 77' lang='lat' dir='ltr'><strong><em>Auno</em></strong></span> <span class='ocrx_word' id='word_1_261' title='bbox 556 3875 623 3930; x_wconf 90' lang='grc'><strong>1288</strong></span> <span class='ocrx_word' id='word_1_262' title='bbox 640 3877 707 3930; x_wconf 81' lang='lat' dir='ltr'><strong><em>ante</em></strong></span> <span class='ocrx_word' id='word_1_263' title='bbox 725 3875 951 3930; x_wconf 82' lang='lat' dir='ltr'><strong><em>Purificstiouem</em></strong></span> <span class='ocrx_word' id='word_1_264' title='bbox 969 3875 1136 3930; x_wconf 80' lang='lat' dir='ltr'><strong><em>Itmihardus</em></strong></span> <span class='ocrx_word' id='word_1_265' title='bbox 1154 3875 1306 3931; x_wconf 79' lang='lat' dir='ltr'><strong><em>advocatus</em></strong></span> <span class='ocrx_word' id='word_1_266' title='bbox 1323 3875 1353 3930; x_wconf 89' lang='lat' dir='ltr'><strong><em>in</em></strong></span> <span class='ocrx_word' id='word_1_267' title='bbox 1371 3875 1486 3930; x_wconf 69' lang='lat' dir='ltr'><strong><em>Iroufen.</em></strong></span> 
     </span>
    </p>
   </div>
   <div class='ocr_carea' id='block_1_6' title="bbox 859 4052 1180 4128">
    <p class='ocr_par' dir='ltr' id='par_1_6' title="bbox 859 4052 1180 4128">
     <span class='ocr_line' id='line_1_29' title="bbox 859 4052 1180 4128; baseline 0.003 -1"><span class='ocrx_word' id='word_1_268' title='bbox 859 4052 1180 4128; x_wconf 86' lang='lat' dir='ltr'>FEBRUARIUS.</span> 
     </span>
    </p>
   </div>
   <div class='ocr_carea' id='block_1_7' title="bbox 198 4177 1847 4857">
    <p class='ocr_par' dir='ltr' id='par_1_7' title="bbox 268 4177 1539 4250">
     <span class='ocr_line' id='line_1_30' title="bbox 268 4177 1539 4250; baseline 0.002 -16"><span class='ocrx_word' id='word_1_269' title='bbox 268 4180 328 4234; x_wconf 86' lang='lat' dir='ltr'><strong><em>siue</em></strong></span> <span class='ocrx_word' id='word_1_270' title='bbox 363 4178 419 4235; x_wconf 88' lang='lat' dir='ltr'><strong><em>die.</em></strong></span> <span class='ocrx_word' id='word_1_271' title='bbox 453 4180 535 4234; x_wconf 87' lang='lat' dir='ltr'><strong><em>Anno</em></strong></span> <span class='ocrx_word' id='word_1_272' title='bbox 554 4180 622 4234; x_wconf 87' lang='grc'><strong>1303</strong></span> <span class='ocrx_word' id='word_1_273' title='bbox 639 4179 781 4235; x_wconf 78' lang='lat' dir='ltr'><strong><em>Comedus</em></strong></span> <span class='ocrx_word' id='word_1_274' title='bbox 799 4177 937 4250; x_wconf 81' lang='lat' dir='ltr'><strong><em>Mbsberg.</em></strong></span> <span class='ocrx_word' id='word_1_275' title='bbox 1537 4229 1539 4236; x_wconf 81' lang='grc'>,</span> 
     </span>
    </p>

    <p class='ocr_par' dir='ltr' id='par_1_8' title="bbox 216 4262 1847 4670">
     <span class='ocr_line' id='line_1_31' title="bbox 216 4262 1846 4332; baseline -0.003 -12"><span class='ocrx_word' id='word_1_276' title='bbox 216 4266 239 4320; x_wconf 76' lang='lat' dir='ltr'><strong><em>t.</em></strong></span> <span class='ocrx_word' id='word_1_277' title='bbox 290 4266 344 4320; x_wconf 89' lang='lat' dir='ltr'><strong><em>VII</em></strong></span> <span class='ocrx_word' id='word_1_278' title='bbox 361 4265 398 4320; x_wconf 91' lang='lat' dir='ltr'><strong><em>id.</em></strong></span> <span class='ocrx_word' id='word_1_279' title='bbox 452 4268 532 4321; x_wconf 83' lang='lat' dir='ltr'><strong><em>Anno</em></strong></span> <span class='ocrx_word' id='word_1_280' title='bbox 551 4267 620 4322; x_wconf 86' lang='grc'><strong>1253</strong></span> <span class='ocrx_word' id='word_1_281' title='bbox 636 4266 803 4321; x_wconf 79' lang='lat' dir='ltr'><strong><em>Bertholdus</em></strong></span> <span class='ocrx_word' id='word_1_282' title='bbox 822 4267 856 4321; x_wconf 92' lang='lat' dir='ltr'><strong><em>de</em></strong></span> <span class='ocrx_word' id='word_1_283' title='bbox 873 4265 1073 4321; x_wconf 80' lang='lat' dir='ltr'><strong><em>Nuweuhusen</em></strong></span> <span class='ocrx_word' id='word_1_284' title='bbox 1091 4282 1151 4320; x_wconf 87' lang='grc'><strong>555.</strong></span> <span class='ocrx_word' id='word_1_285' title='bbox 1170 4264 1252 4320; x_wconf 91' lang='lat' dir='ltr'><strong><em>huius</em></strong></span> <span class='ocrx_word' id='word_1_286' title='bbox 1271 4262 1410 4318; x_wconf 81' lang='lat' dir='ltr'><strong><em>ecclesius.</em></strong></span> <span class='ocrx_word' id='word_1_287' title='bbox 1446 4262 1529 4318; x_wconf 88' lang='lat' dir='ltr'><strong><em>Soror</em></strong></span> <span class='ocrx_word' id='word_1_288' title='bbox 1547 4263 1607 4318; x_wconf 88' lang='lat' dir='ltr'><strong><em>eius</em></strong></span> <span class='ocrx_word' id='word_1_289' title='bbox 1625 4262 1784 4332; x_wconf 85' lang='lat' dir='ltr'><strong><em>Hedewigis</em></strong></span> <span class='ocrx_word' id='word_1_290' title='bbox 1802 4262 1846 4316; x_wconf 94' lang='lat' dir='ltr'><strong><em>ob.</em></strong></span> 
     </span>
     <span class='ocr_line' id='line_1_32' title="bbox 504 4349 1847 4420; baseline -0.002 -13"><span class='ocrx_word' id='word_1_291' title='bbox 504 4370 579 4408; x_wconf 80' lang='lat' dir='ltr'><strong><em>suno</em></strong></span> <span class='ocrx_word' id='word_1_292' title='bbox 592 4353 668 4417; x_wconf 88' lang='grc'><strong>1252,</strong></span> <span class='ocrx_word' id='word_1_293' title='bbox 685 4353 746 4408; x_wconf 86' lang='lat' dir='ltr'><strong><em>XII</em></strong></span> <span class='ocrx_word' id='word_1_294' title='bbox 759 4353 816 4407; x_wconf 75' lang='lat' dir='ltr'><strong><em>kal.</em></strong></span> <span class='ocrx_word' id='word_1_295' title='bbox 829 4353 904 4408; x_wconf 88' lang='lat' dir='ltr'><strong><em>Dec.¹</em></strong></span> <span class='ocrx_word' id='word_1_296' title='bbox 936 4352 1085 4407; x_wconf 88' lang='lat' dir='ltr'><strong><em>Dormiuut</em></strong></span> <span class='ocrx_word' id='word_1_297' title='bbox 1095 4350 1178 4406; x_wconf 81' lang='lat' dir='ltr'><strong><em>ambo</em></strong></span> <span class='ocrx_word' id='word_1_298' title='bbox 1190 4352 1243 4406; x_wconf 90' lang='lat' dir='ltr'><strong><em>hoc</em></strong></span> <span class='ocrx_word' id='word_1_299' title='bbox 1256 4349 1286 4404; x_wconf 86' lang='lat' dir='ltr'><strong><em>iu</em></strong></span> <span class='ocrx_word' id='word_1_300' title='bbox 1298 4350 1420 4404; x_wconf 83' lang='lat' dir='ltr'><strong><em>claustro</em></strong></span> <span class='ocrx_word' id='word_1_301' title='bbox 1432 4349 1462 4404; x_wconf 89' lang='lat' dir='ltr'><strong><em>in</em></strong></span> <span class='ocrx_word' id='word_1_302' title='bbox 1474 4367 1530 4405; x_wconf 91' lang='lat' dir='ltr'><strong><em>uno</em></strong></span> <span class='ocrx_word' id='word_1_303' title='bbox 1542 4349 1697 4420; x_wconf 87' lang='lat' dir='ltr'><strong><em>sepulchro,</em></strong></span> <span class='ocrx_word' id='word_1_304' title='bbox 1715 4366 1733 4404; x_wconf 84' lang='grc'><strong><em>5</em></strong></span> <span class='ocrx_word' id='word_1_305' title='bbox 1745 4349 1847 4419; x_wconf 89' lang='lat' dir='ltr'><strong><em>quibus</em></strong></span> 
     </span>
     <span class='ocr_line' id='line_1_33' title="bbox 505 4435 1847 4509; baseline -0.001 -14"><span class='ocrx_word' id='word_1_306' title='bbox 505 4439 639 4495; x_wconf 75' lang='lat' dir='ltr'><strong><em>habemus</em></strong></span> <span class='ocrx_word' id='word_1_307' title='bbox 662 4439 692 4494; x_wconf 88' lang='lat' dir='ltr'><strong><em>iu</em></strong></span> <span class='ocrx_word' id='word_1_308' title='bbox 715 4439 830 4495; x_wconf 75' lang='lat' dir='ltr'><strong><em>civitais</em></strong></span> <span class='ocrx_word' id='word_1_309' title='bbox 850 4440 969 4505; x_wconf 75' lang='lat' dir='ltr'><strong><em>curiam,</em></strong></span> <span class='ocrx_word' id='word_1_310' title='bbox 995 4457 1080 4509; x_wconf 77' lang='lat' dir='ltr'><strong><em>quum</em></strong></span> <span class='ocrx_word' id='word_1_311' title='bbox 1098 4455 1173 4493; x_wconf 91' lang='grc'><strong>5555</strong></span> <span class='ocrx_word' id='word_1_312' title='bbox 1191 4437 1316 4508; x_wconf 80' lang='lat' dir='ltr'><strong><em>possidet</em></strong></span> <span class='ocrx_word' id='word_1_313' title='bbox 1332 4437 1419 4492; x_wconf 80' lang='lat' dir='ltr'><strong><em>vidus</em></strong></span> <span class='ocrx_word' id='word_1_314' title='bbox 1436 4435 1514 4492; x_wconf 87' lang='grc'><strong>(11515</strong></span> <span class='ocrx_word' id='word_1_315' title='bbox 1531 4435 1684 4492; x_wconf 78' lang='lat' dir='ltr'><strong><em>Stuimsrin</em></strong></span> <span class='ocrx_word' id='word_1_316' title='bbox 1702 4439 1731 4492; x_wconf 86' lang='lat' dir='ltr'><strong><em>et</em></strong></span> <span class='ocrx_word' id='word_1_317' title='bbox 1749 4437 1847 4493; x_wconf 89' lang='lat' dir='ltr'><strong><em>unicus</em></strong></span> 
     </span>
     <span class='ocr_line' id='line_1_34' title="bbox 506 4523 1846 4594; baseline -0.001 -12"><span class='ocrx_word' id='word_1_318' title='bbox 506 4527 580 4582; x_wconf 83' lang='lat' dir='ltr'><strong><em>filim</em></strong></span> <span class='ocrx_word' id='word_1_319' title='bbox 598 4527 685 4582; x_wconf 82' lang='lat' dir='ltr'><strong><em>eius.²</em></strong></span> <span class='ocrx_word' id='word_1_320' title='bbox 717 4529 798 4583; x_wconf 88' lang='grc'><strong>11555</strong></span> <span class='ocrx_word' id='word_1_321' title='bbox 817 4529 884 4583; x_wconf 90' lang='grc'><strong>1269</strong></span> <span class='ocrx_word' id='word_1_322' title='bbox 902 4527 1073 4582; x_wconf 80' lang='lat' dir='ltr'><strong><em>Reinhsrtus</em></strong></span> <span class='ocrx_word' id='word_1_323' title='bbox 1090 4527 1177 4582; x_wconf 69' lang='lat' dir='ltr'><strong><em>irater</em></strong></span> <span class='ocrx_word' id='word_1_324' title='bbox 1193 4543 1271 4580; x_wconf 88' lang='lat' dir='ltr'><strong><em>meus</em></strong></span> <span class='ocrx_word' id='word_1_325' title='bbox 1289 4525 1325 4580; x_wconf 86' lang='lat' dir='ltr'><strong><em>ds</em></strong></span> <span class='ocrx_word' id='word_1_326' title='bbox 1342 4523 1566 4594; x_wconf 79' lang='lat' dir='ltr'><strong><em>Wurmelingen,</em></strong></span> <span class='ocrx_word' id='word_1_327' title='bbox 1584 4526 1614 4578; x_wconf 88' lang='lat' dir='ltr'><strong><em>et</em></strong></span> <span class='ocrx_word' id='word_1_328' title='bbox 1631 4540 1685 4594; x_wconf 77' lang='lat' dir='ltr'><strong><em>ego</em></strong></span> <span class='ocrx_word' id='word_1_329' title='bbox 1703 4523 1846 4580; x_wconf 81' lang='lat' dir='ltr'><strong><em>Cunrodus</em></strong></span> 
     </span>
     <span class='ocr_line' id='line_1_35' title="bbox 505 4613 870 4670; baseline -0.003 -1"><span class='ocrx_word' id='word_1_330' title='bbox 505 4613 547 4669; x_wconf 83' lang='grc'><strong><em>151</em></strong></span> <span class='ocrx_word' id='word_1_331' title='bbox 564 4617 633 4669; x_wconf 89' lang='lat' dir='ltr'><strong><em>tunc</em></strong></span> <span class='ocrx_word' id='word_1_332' title='bbox 649 4614 680 4669; x_wconf 89' lang='lat' dir='ltr'><strong><em>in</em></strong></span> <span class='ocrx_word' id='word_1_333' title='bbox 697 4613 870 4670; x_wconf 80' lang='lat' dir='ltr'><strong><em>Constantia.</em></strong></span> 
     </span>
    </p>

    <p class='ocr_par' dir='ltr' id='par_1_9' title="bbox 198 4695 1846 4857">
     <span class='ocr_line' id='line_1_36' title="bbox 198 4695 1846 4772; baseline -0.002 -17"><span class='ocrx_word' id='word_1_334' title='bbox 198 4700 238 4755; x_wconf 85' lang='grc'><strong><em>22.</em></strong></span> <span class='ocrx_word' id='word_1_335' title='bbox 280 4700 346 4756; x_wconf 91' lang='lat' dir='ltr'>VIII</span> <span class='ocrx_word' id='word_1_336' title='bbox 364 4700 420 4755; x_wconf 77' lang='lat' dir='ltr'><strong><em>kal.</em></strong></span> <span class='ocrx_word' id='word_1_337' title='bbox 456 4701 763 4771; x_wconf 71' lang='grc'><strong>1555128185551115</strong></span> <span class='ocrx_word' id='word_1_338' title='bbox 786 4701 821 4756; x_wconf 90' lang='lat' dir='ltr'><strong><em>de</em></strong></span> <span class='ocrx_word' id='word_1_339' title='bbox 837 4700 986 4772; x_wconf 80' lang='lat' dir='ltr'><strong><em>Hslfingen</em></strong></span> <span class='ocrx_word' id='word_1_340' title='bbox 1009 4697 1335 4763; x_wconf 69' lang='grc'><strong>(55.151155555155155,</strong></span> <span class='ocrx_word' id='word_1_341' title='bbox 1358 4696 1403 4752; x_wconf 91' lang='lat' dir='ltr'><strong><em>ob.</em></strong></span> <span class='ocrx_word' id='word_1_342' title='bbox 1421 4695 1451 4751; x_wconf 90' lang='lat' dir='ltr'><strong><em>iu</em></strong></span> <span class='ocrx_word' id='word_1_343' title='bbox 1469 4696 1627 4768; x_wconf 75' lang='lat' dir='ltr'><strong><em>Triwingen</em></strong></span> <span class='ocrx_word' id='word_1_344' title='bbox 1645 4696 1722 4752; x_wconf 85' lang='grc'><strong>5115</strong></span> <span class='ocrx_word' id='word_1_345' title='bbox 1739 4696 1846 4752; x_wconf 76' lang='grc'><strong>85155-</strong></span> 
     </span>
     <span class='ocr_line' id='line_1_37' title="bbox 506 4786 1197 4857; baseline -0.003 -16"><span class='ocrx_word' id='word_1_346' title='bbox 506 4787 593 4842; x_wconf 85' lang='lat' dir='ltr'><strong><em>husen</em></strong></span> <span class='ocrx_word' id='word_1_347' title='bbox 611 4787 722 4842; x_wconf 79' lang='lat' dir='ltr'><strong><em>dormit.</em></strong></span> <span class='ocrx_word' id='word_1_348' title='bbox 751 4787 926 4842; x_wconf 79' lang='grc'><strong>05505155</strong></span> <span class='ocrx_word' id='word_1_349' title='bbox 945 4787 1009 4857; x_wconf 86' lang='lat' dir='ltr'><strong><em>[est]</em></strong></span> <span class='ocrx_word' id='word_1_350' title='bbox 1028 4786 1197 4841; x_wconf 80' lang='grc'><strong>55551215.</strong></span> 
     </span>
    </p>
   </div>
   <div class='ocr_carea' id='block_1_8' title="bbox 909 4964 1136 5041">
    <p class='ocr_par' dir='ltr' id='par_1_10' title="bbox 909 4964 1136 5041">
     <span class='ocr_line' id='line_1_38' title="bbox 909 4964 1136 5041; baseline -0.013 0"><span class='ocrx_word' id='word_1_351' title='bbox 909 4964 1136 5041; x_wconf 77' lang='lat' dir='ltr'><strong><em>MARTIUS.</em></strong></span> 
     </span>
    </p>
   </div>
   <div class='ocr_carea' id='block_1_9' title="bbox 215 5088 1847 5581">
    <p class='ocr_par' dir='ltr' id='par_1_11' title="bbox 215 5088 1847 5581">
     <span class='ocr_line' id='line_1_39' title="bbox 269 5088 1846 5161; baseline 0.001 -17"><span class='ocrx_word' id='word_1_352' title='bbox 269 5089 329 5144; x_wconf 90' lang='lat' dir='ltr'><strong><em>sine</em></strong></span> <span class='ocrx_word' id='word_1_353' title='bbox 363 5090 418 5144; x_wconf 87' lang='lat' dir='ltr'><strong><em>die.</em></strong></span> <span class='ocrx_word' id='word_1_354' title='bbox 457 5091 589 5146; x_wconf 80' lang='lat' dir='ltr'><strong><em>Albertus</em></strong></span> <span class='ocrx_word' id='word_1_355' title='bbox 606 5090 709 5161; x_wconf 80' lang='lat' dir='ltr'><strong><em>Spueto</em></strong></span> <span class='ocrx_word' id='word_1_356' title='bbox 728 5108 803 5156; x_wconf 79' lang='lat' dir='ltr'><strong><em>cum,</em></strong></span> <span class='ocrx_word' id='word_1_357' title='bbox 824 5090 874 5160; x_wconf 90' lang='lat' dir='ltr'><strong><em>qui</em></strong></span> <span class='ocrx_word' id='word_1_358' title='bbox 891 5107 920 5145; x_wconf 85' lang='lat' dir='ltr'><strong><em>se</em></strong></span> <span class='ocrx_word' id='word_1_359' title='bbox 938 5091 968 5145; x_wconf 89' lang='lat' dir='ltr'><strong><em>et</em></strong></span> <span class='ocrx_word' id='word_1_360' title='bbox 984 5107 1035 5145; x_wconf 88' lang='grc'><strong><em>555</em></strong></span> <span class='ocrx_word' id='word_1_361' title='bbox 1051 5088 1117 5144; x_wconf 87' lang='lat' dir='ltr'><strong><em>huic</em></strong></span> <span class='ocrx_word' id='word_1_362' title='bbox 1134 5089 1267 5144; x_wconf 77' lang='lat' dir='ltr'><strong><em>ecclesius</em></strong></span> <span class='ocrx_word' id='word_1_363' title='bbox 1285 5089 1371 5144; x_wconf 81' lang='grc'><strong>(15511</strong></span> <span class='ocrx_word' id='word_1_364' title='bbox 1402 5090 1483 5143; x_wconf 83' lang='lat' dir='ltr'><strong><em>Anno</em></strong></span> <span class='ocrx_word' id='word_1_365' title='bbox 1503 5089 1570 5144; x_wconf 87' lang='lat'>1300</span> <span class='ocrx_word' id='word_1_366' title='bbox 1587 5088 1735 5144; x_wconf 82' lang='lat' dir='ltr'><strong><em>Bertoldus</em></strong></span> <span class='ocrx_word' id='word_1_367' title='bbox 1754 5089 1846 5146; x_wconf 86' lang='lat' dir='ltr'><strong><em>dictus</em></strong></span> 
     </span>
     <span class='ocr_line' id='line_1_40' title="bbox 505 5174 1844 5249; baseline 0 -17"><span class='ocrx_word' id='word_1_368' title='bbox 505 5177 603 5232; x_wconf 78' lang='grc'><strong>115555</strong></span> <span class='ocrx_word' id='word_1_369' title='bbox 627 5177 663 5232; x_wconf 89' lang='grc'><strong><em>(15</em></strong></span> <span class='ocrx_word' id='word_1_370' title='bbox 685 5178 833 5249; x_wconf 80' lang='lat' dir='ltr'><strong><em>Hevingeu</em></strong></span> <span class='ocrx_word' id='word_1_371' title='bbox 854 5193 913 5231; x_wconf 86' lang='grc'><strong>555.</strong></span> <span class='ocrx_word' id='word_1_372' title='bbox 936 5175 1019 5231; x_wconf 89' lang='lat' dir='ltr'><strong><em>huius</em></strong></span> <span class='ocrx_word' id='word_1_373' title='bbox 1042 5174 1174 5231; x_wconf 81' lang='lat' dir='ltr'><strong><em>ecclesias</em></strong></span> <span class='ocrx_word' id='word_1_374' title='bbox 1199 5179 1228 5230; x_wconf 88' lang='grc'><strong><em>51</em></strong></span> <span class='ocrx_word' id='word_1_375' title='bbox 1249 5176 1353 5231; x_wconf 83' lang='lat' dir='ltr'><strong><em>dormit</em></strong></span> <span class='ocrx_word' id='word_1_376' title='bbox 1374 5175 1426 5230; x_wconf 87' lang='lat' dir='ltr'><strong><em>sub</em></strong></span> <span class='ocrx_word' id='word_1_377' title='bbox 1448 5191 1549 5245; x_wconf 76' lang='lat' dir='ltr'><strong><em>magno</em></strong></span> <span class='ocrx_word' id='word_1_378' title='bbox 1572 5174 1667 5245; x_wconf 80' lang='lat' dir='ltr'><strong><em>lapide</em></strong></span> <span class='ocrx_word' id='word_1_379' title='bbox 1685 5175 1715 5230; x_wconf 90' lang='lat' dir='ltr'><strong><em>in</em></strong></span> <span class='ocrx_word' id='word_1_380' title='bbox 1733 5177 1844 5232; x_wconf 80' lang='lat' dir='ltr'><strong><em>ambitu</em></strong></span> 
     </span>
     <span class='ocr_line' id='line_1_41' title="bbox 505 5261 1846 5333; baseline -0.001 -13"><span class='ocrx_word' id='word_1_381' title='bbox 505 5267 599 5321; x_wconf 88' lang='lat' dir='ltr'><strong><em>nostre</em></strong></span> <span class='ocrx_word' id='word_1_382' title='bbox 616 5265 739 5330; x_wconf 76' lang='lat' dir='ltr'><strong><em>ecclesie,</em></strong></span> <span class='ocrx_word' id='word_1_383' title='bbox 757 5265 802 5320; x_wconf 92' lang='lat' dir='ltr'><strong><em>cui</em></strong></span> <span class='ocrx_word' id='word_1_384' title='bbox 820 5263 985 5319; x_wconf 78' lang='lat' dir='ltr'><strong><em>Renhsrdus</em></strong></span> <span class='ocrx_word' id='word_1_385' title='bbox 1002 5262 1076 5318; x_wconf 89' lang='lat' dir='ltr'><strong><em>filius</em></strong></span> <span class='ocrx_word' id='word_1_386' title='bbox 1094 5263 1236 5319; x_wconf 81' lang='lat' dir='ltr'><strong><em>Renhurdi</em></strong></span> <span class='ocrx_word' id='word_1_387' title='bbox 1255 5263 1289 5318; x_wconf 90' lang='lat' dir='ltr'><strong><em>de</em></strong></span> <span class='ocrx_word' id='word_1_388' title='bbox 1301 5263 1438 5333; x_wconf 78' lang='lat' dir='ltr'><strong><em>Hefingen</em></strong></span> <span class='ocrx_word' id='word_1_389' title='bbox 1457 5261 1575 5332; x_wconf 76' lang='lat' dir='ltr'><strong><em>dapiferi</em></strong></span> <span class='ocrx_word' id='word_1_390' title='bbox 1594 5263 1735 5320; x_wconf 87' lang='lat' dir='ltr'><strong><em>successit.</em></strong></span> <span class='ocrx_word' id='word_1_391' title='bbox 1765 5265 1846 5319; x_wconf 80' lang='lat' dir='ltr'><strong><em>Auno</em></strong></span> 
     </span>
     <span class='ocr_line' id='line_1_42' title="bbox 506 5351 843 5408; baseline -0.003 -1"><span class='ocrx_word' id='word_1_392' title='bbox 506 5353 575 5408; x_wconf 88' lang='grc'><strong>1310</strong></span> <span class='ocrx_word' id='word_1_393' title='bbox 592 5351 738 5408; x_wconf 83' lang='lat' dir='ltr'><strong><em>Bsrtoldus</em></strong></span> <span class='ocrx_word' id='word_1_394' title='bbox 755 5351 843 5408; x_wconf 81' lang='lat' dir='ltr'><strong><em>Nitor.</em></strong></span> 
     </span>
     <span class='ocr_line' id='line_1_43' title="bbox 215 5425 1847 5510; baseline 0.003 -21"><span class='ocrx_word' id='word_1_395' title='bbox 215 5435 242 5489; x_wconf 89' lang='grc'><strong><em>2.</em></strong></span> <span class='ocrx_word' id='word_1_396' title='bbox 310 5437 348 5492; x_wconf 88' lang='lat' dir='ltr'><strong><em>VI</em></strong></span> <span class='ocrx_word' id='word_1_397' title='bbox 365 5455 429 5495; x_wconf 90' lang='lat' dir='ltr'><strong><em>non.</em></strong></span> <span class='ocrx_word' id='word_1_398' title='bbox 457 5441 539 5495; x_wconf 82' lang='lat' dir='ltr'><strong><em>Anno</em></strong></span> <span class='ocrx_word' id='word_1_399' title='bbox 556 5439 625 5495; x_wconf 86' lang='grc'><strong>1296</strong></span> <span class='ocrx_word' id='word_1_400' title='bbox 642 5439 776 5510; x_wconf 75' lang='lat' dir='ltr'><strong><em>magister</em></strong></span> <span class='ocrx_word' id='word_1_401' title='bbox 787 5438 923 5494; x_wconf 84' lang='lat' dir='ltr'><strong><em>Rudolfus</em></strong></span> <span class='ocrx_word' id='word_1_402' title='bbox 941 5437 972 5492; x_wconf 89' lang='grc'><strong><em>15</em></strong></span> <span class='ocrx_word' id='word_1_403' title='bbox 984 5437 1157 5505; x_wconf 85' lang='grc'><strong>0555155115,</strong></span> <span class='ocrx_word' id='word_1_404' title='bbox 1176 5438 1221 5494; x_wconf 84' lang='lat' dir='ltr'><strong><em>cui</em></strong></span> <span class='ocrx_word' id='word_1_405' title='bbox 1232 5437 1417 5508; x_wconf 79' lang='lat' dir='ltr'><strong><em>Murqusrdus</em></strong></span> <span class='ocrx_word' id='word_1_406' title='bbox 1434 5453 1489 5492; x_wconf 81' lang='grc'><strong>555.</strong></span> <span class='ocrx_word' id='word_1_407' title='bbox 1507 5437 1541 5494; x_wconf 85' lang='grc'><strong><em>(15</em></strong></span> <span class='ocrx_word' id='word_1_408' title='bbox 1553 5438 1691 5493; x_wconf 81' lang='lat' dir='ltr'><strong><em>Wolttort</em></strong></span> <span class='ocrx_word' id='word_1_409' title='bbox 1706 5425 1847 5494; x_wconf 80' lang='lat' dir='ltr'><strong><em>successit.</em></strong></span> 
     </span>
     <span class='ocr_line' id='line_1_44' title="bbox 216 5521 943 5581; baseline 0.006 -5"><span class='ocrx_word' id='word_1_410' title='bbox 216 5521 242 5577; x_wconf 89' lang='grc'><strong><em>6.</em></strong></span> <span class='ocrx_word' id='word_1_411' title='bbox 322 5525 347 5579; x_wconf 91' lang='grc' dir='ltr'>Π</span> <span class='ocrx_word' id='word_1_412' title='bbox 364 5543 429 5581; x_wconf 89' lang='lat' dir='ltr'><strong><em>nou.</em></strong></span> <span class='ocrx_word' id='word_1_413' title='bbox 455 5526 537 5580; x_wconf 84' lang='lat' dir='ltr'><strong><em>Anno</em></strong></span> <span class='ocrx_word' id='word_1_414' title='bbox 555 5526 624 5580; x_wconf 88' lang='grc'><strong>1288</strong></span> <span class='ocrx_word' id='word_1_415' title='bbox 641 5525 787 5581; x_wconf 70' lang='lat' dir='ltr'><strong><em>mathildis</em></strong></span> <span class='ocrx_word' id='word_1_416' title='bbox 804 5524 943 5581; x_wconf 75' lang='lat' dir='ltr'><strong><em>monialis.</em></strong></span> 
     </span>
    </p>
   </div>
   <div class='ocr_carea' id='block_1_10' title="bbox 305 5697 1256 5851">
    <p class='ocr_par' dir='ltr' id='par_1_12' title="bbox 305 5697 1256 5851">
     <span class='ocr_line' id='line_1_45' title="bbox 305 5697 1256 5768; baseline 0.002 -16"><span class='ocrx_word' id='word_1_417' title='bbox 305 5701 325 5764; x_wconf 87' lang='grc' dir='ltr'><strong><em>ι)</em></strong></span> <span class='ocrx_word' id='word_1_418' title='bbox 344 5705 383 5754; x_wconf 83' lang='grc'><strong><em>20.</em></strong></span> <span class='ocrx_word' id='word_1_419' title='bbox 401 5698 561 5754; x_wconf 78' lang='lat' dir='ltr'><strong><em>Nooaubrio.</em></strong></span> <span class='ocrx_word' id='word_1_420' title='bbox 666 5701 689 5765; x_wconf 79' lang='lat' dir='ltr'><strong><em>s)</em></strong></span> <span class='ocrx_word' id='word_1_421' title='bbox 707 5699 755 5753; x_wconf 87' lang='lat' dir='ltr'><strong><em>Pr.</em></strong></span> <span class='ocrx_word' id='word_1_422' title='bbox 772 5697 804 5752; x_wconf 86' lang='lat' dir='ltr'><strong><em>dc</em></strong></span> <span class='ocrx_word' id='word_1_423' title='bbox 821 5698 909 5753; x_wconf 75' lang='lat' dir='ltr'><strong><em>cadero</em></strong></span> <span class='ocrx_word' id='word_1_424' title='bbox 925 5699 1002 5753; x_wconf 75' lang='lat' dir='ltr'><strong><em>cirria</em></strong></span> <span class='ocrx_word' id='word_1_425' title='bbox 1019 5699 1050 5753; x_wconf 77' lang='lat' dir='ltr'><strong><em>ios</em></strong></span> <span class='ocrx_word' id='word_1_426' title='bbox 1066 5697 1256 5768; x_wconf 74' lang='lat' dir='ltr'><strong><em>Siroddoiuqou</em></strong></span> 
     </span>
     <span class='ocr_line' id='line_1_46' title="bbox 305 5799 705 5851; baseline 0.005 -2"><span class='ocrx_word' id='word_1_427' title='bbox 305 5799 382 5851; x_wconf 77' lang='grc'><strong>11555.</strong></span> <span class='ocrx_word' id='word_1_428' title='bbox 400 5799 464 5851; x_wconf 77' lang='lat' dir='ltr'><strong><em>Auo.</em></strong></span> <span class='ocrx_word' id='word_1_429' title='bbox 482 5800 624 5851; x_wconf 71' lang='lat' dir='ltr'><strong><em>copertus.</em></strong></span> <span class='ocrx_word' id='word_1_430' title='bbox 643 5799 705 5851; x_wconf 78' lang='grc'><strong><em>055</em></strong></span> 
     </span>
    </p>
   </div>
   <div class='ocr_carea' id='block_1_11' title="bbox 0 0 2153 6434">
    <p class='ocr_par' dir='ltr' id='par_1_13' title="bbox 0 0 2153 6434">
     <span class='ocr_line' id='line_1_47' title="bbox 0 0 2153 6434; baseline 0 0"><span class='ocrx_word' id='word_1_431' title='bbox 0 0 2153 6434; x_wconf 95' lang='lat' dir='ltr'><strong><em> </em></strong></span> 
     </span>
    </p>
   </div>
  </div>
 </body>
</html>
