4312 6428
428 405 490 469 282
643 399 750 456 LIBER
769 399 1128 456 ANNIVERSARIORUM
1147 399 1345 456 ECOLESIAE
1363 400 1514 456 MAIORIS
1533 399 1855 456 CONSTANTIENSIS.

427 585 469 638 25.
511 583 578 638 VIII
596 582 652 637 kal.
688 574 841 640 Rotsrid
864 575 943 662 pbr.
980 574 1125 640 Erhurt
1147 597 1190 638 m.
1228 575 1412 662 Adelpreht
1434 576 1503 662 pbr.
1542 574 1669 640 Othart.
1709 573 1872 660 [Walieho
1893 573 1925 661 I]

425 687 467 741 26.
524 686 577 740 VII
595 685 651 740 kal.
687 676 885 743 Hovomen
908 678 988 764 pbr.
1025 677 1264 764 (Ermenriho
1288 677 1382 766 epe.)

426 791 468 844 27.
538 789 576 842 VI
594 787 649 842 kal.
686 779 848 864 Troogo.
884 780 1043 846 Ratfrid
1066 782 1144 867 pbr.
1182 781 1342 848 Kiselfrid
1365 782 1509 847 subdiac.
1547 781 1690 868 Heriger
1711 782 1783 868 pbr.

425 893 467 946 28.
548 891 648 948 Vkal.
683 883 808 970 Egino
831 885 912 972 pbr.
948 885 1116 970 Reginker
1138 887 1208 973 pbr.
1245 887 1369 952 Rihooz
1392 886 1463 972 pbr.
1503 884 1653 974 [Woltbo
1677 885 1765 974 abb]
1775 887 1803 972 ²)

424 997 465 1050 29.
535 995 574 1049 1v
592 996 648 1050 kal.
683 987 978 1054 Annauuiducb.
1017 989 1223 1074 (Amelger.
1262 990 1488 1077 Gundprebt
1510 989 1606 1075 pbr.)
1644 989 1838 1054 Hedebrant
1860 989 1927 1074 pbr.

425 1100 467 1154 30.
536 1099 576 1154 III
594 1099 650 1155 kal.
686 1089 881 1156 Hodobront
902 1091 974 1177 pbr.
1010 1091 1163 1158 Foleholt
1186 1093 1257 1179 pbr.

426 1203 467 1257 31.
551 1203 578 1257 11
596 1203 652 1258 kal.
688 1195 950 1282 (Isanbeurto.
988 1195 1144 1262 Rotsrid
1165 1195 1260 1284 pbr.)
1298 1197 1468 1284 Ingibreht
1490 1197 1561 1284 pbr.
1598 1195 1798 1262 Hiltebrebt.

1059 1489 1443 1580 [ANNIVERSARIAI

1085 1669 1406 1745 FEBRUARIUS.

440 1798 466 1851 2.
531 1797 569 1851 IV
588 1816 651 1853 non.
680 1799 750 1852 Ann.
770 1798 880 1852 Osanne
904 1803 933 1854 et
952 1801 1031 1855 Anne
1056 1801 1157 1855 sororio
1182 1800 1241 1855 eius
1264 1801 1473 1856 Pheferboriin¹
1498 1800 1596 1871 peragi
1620 1799 1704 1854 debet
1725 1799 1754 1852 in
1774 1798 1927 1853 ebdomada
1943 1799 2003 1850 ante
2020 1792 2055 1846 vel

733 1888 798 1954 poet
816 1885 1050 1941 purificationem.
1080 1889 1162 1942 Anno
1181 1887 1257 1942 1442.

426 1973 466 2026 15.
519 1971 570 2025 XV
588 1971 645 2027 kal.
681 1970 752 2027 Amr.
771 1971 890 2026 Helfridi
907 1972 1040 2043 armigeri
1058 1973 1093 2028 de
1112 1975 1262 2028 Ndenetat.

1167 2154 1336 2228 IULIUS.

427 2282 468 2335 14.
549 2281 576 2334 II
594 2281 631 2335 id.
685 2283 756 2336 Ann.
774 2282 907 2337 Iohannis
926 2284 1038 2339 Kaeller
1061 2287 1122 2355 copi
1146 2285 1175 2339 in
1193 2285 1376 2351 MoeIekirch,
1401 2289 1548 2354 parentum
1573 2302 1684 2354 quoque
1708 2284 1767 2338 eius
1792 2287 1819 2336 et
1843 2282 1990 2336 amicorum
2009 2295 2071 2349 pro·

734 2385 911 2437 pinquorum,

1101 2497 1394 2572 SEPTEMBER.

441 2629 467 2682 6.
506 2627 573 2682 VIII
592 2627 629 2680 id.
682 2627 731 2682 Ob.
749 2628 928 2696 Margaretho
946 2627 980 2682 do
1000 2627 1180 2684 Lochebetten
1198 2646 1268 2684 uxor
1288 2629 1415 2684 Ruodolfi
1434 2629 1468 2683 de
1487 2629 1687 2698 Underwe'gen,
1711 2628 1790 2683 euius
1808 2646 1873 2682 ann.
1892 2627 1999 2682 colitur.

1113 2807 1385 2883 NOVEMBER.

444 2939 466 2990 1.
591 2937 647 2991 kal.
683 2935 762 2991 Circa
780 2939 907 2992 octavam
920 2938 1051 2992 Omnium
1064 2939 1228 2993 Sanctorum
1247 2939 1381 2994 celebrari
1394 2940 1479 2994 debeb
1491 2957 1555 2993 ann.
1569 2940 1691 2994 Heinriei
1712 2939 1745 2992 de
1758 2938 1925 2992 Wildenfelo
1938 2935 2072 3006 armigeri,

735 3023 833 3077 Ursule
851 3024 885 3077 de
904 3024 1050 3092 Rysohooh
1068 3025 1161 3078 uxoris
1181 3025 1240 3080 eius
1258 3028 1288 3080 et
1307 3025 1426 3081 borbore
1445 3026 1501 3080 filie
1520 3027 1669 3080 eorundem
1689 3029 1718 3080 et
1735 3024 1882 3080 Elizabeth
1900 3023 2070 3094 Seglingerin

735 3109 855 3164 secunde
873 3109 966 3165 uxoris
984 3110 1051 3165 eius.

1120 3179 1385 3313 DEGEMBER.

461 3409 467 3422 .
549 3370 574 3423 II
591 3370 646 3424 kal.
683 3374 753 3423 Ann.
773 3370 929 3424 venerande
948 3371 1079 3425 memorie
1098 3370 1209 3424 abbatis
1228 3371 1359 3424 Frideriei
1379 3371 1413 3426 de
1430 3369 1625 3438 Worienberg‚
1645 3369 1691 3437 qui
1712 3371 1740 3422 et
1759 3369 1856 3422 eadem
1874 3368 1919 3422 die
1938 3369 1971 3422 de
1989 3368 2061 3422 buius

733 3456 824 3510 cornis
842 3457 984 3527 ergastulo
1002 3457 1129 3512 sublatus
1148 3461 1191 3511 est
1208 3475 1282 3512 anno
1304 3459 1376 3513 1454.

1049 3755 1458 3762 ——.——-—-——————

798 4127 995 4220 LIBER
1033 4125 1706 4246 ANNIVERSARIORUM

574 4280 946 4377 ECOLIISIAE
984 4280 1277 4376 MAIORIS
1315 4279 1925 4376 OONSTANTIENSIS.

532 4513 763 4620 Necrolopiuru
779 4536 924 4602 ecclcsiae
937 4539 1069 4602 uictoris
1088 4535 1337 4602 Coustouticusis
1360 4557 1424 4601 uou
1439 4542 1484 4601 cst
1499 4541 1722 4613 cmtsercutum,
1746 4542 1885 4600 terremus
1901 4559 1968 4601 cero
1982 4536 2069 4600 libros

426 4643 718 4708 orcuiversorierum
740 4644 878 4708 eieudem
899 4648 1059 4725 quattuor,
1081 4663 1216 4723 quo-rum
1231 4641 1360 4721 pimus
1382 4662 1403 4703 o
1426 4661 1473 4704 me
1488 4641 1520 4704 A
1541 4641 1723 4704 ricmiri-otus
1745 4645 1790 4704 est
1812 4641 1907 4704 codex
1926 4642 2068 4705 uumeru-

426 4767 543 4811 ucceus
564 4746 723 4811 maeiruae
743 4748 864 4828 furuae
885 4770 972 4811 uuuc
996 4745 1151 4810 tabularii
1165 4744 1329 4808 vernacule
1343 4743 1742 4822 ‚‚Gercerultoudesurchic“
1756 4747 1937 4825 nuncupati
1956 4743 2070 4810 Coroli-

426 4851 582 4929 rubcneie
604 4851 692 4915 Auru
708 4851 768 4915 Nr.
781 4853 802 4914 8
817 4851 1008 4934 desipuutus.
1054 4851 1118 4914 Istc
1133 4849 1228 4913 codcu
1246 4851 1554 4912 uutcauuum1274
1570 4854 1682 4928 etpost
1695 4869 1817 4912 arcetum
1834 4849 1917 4912 1259
1933 4849 2071 4929 iuceptus

425 4959 479 5032 est,
502 4975 578 5018 uam
598 4975 710 5019 uomere
731 4953 915 5019 Eberhardi
937 4955 1073 5035 episcopi
1092 4951 1350 5029 duodecumo,
1373 4952 1423 5015 die
1444 4953 1496 5016 20.
1511 4951 1694 5031 Februarii,
1717 4955 1903 5016 uuu01274
1925 4951 2070 5034 defuncti,

425 5079 525 5122 ucuuu
540 5057 643 5121 altera
657 5057 813 5121 adiectum
828 5064 881 5137 est,
897 5079 1009 5123 reorucu
1028 5056 1173 5123 Ouurudi
1181 5056 1360 5138 praepositi
1374 5055 1596 5119 Irubrioceueis
1610 5061 1640 5120 et
1654 5057 1799 5120 cuueuici
1815 5055 2070 5130 Ooustoutieusio

426 5181 511 5225 aurio
528 5160 622 5238 1259,
645 5161 695 5224 die
711 5162 764 5224 27.
780 5161 899 5226 Martii
920 5163 1045 5239 mortui,
1068 5166 1174 5224 eutem
1195 5160 1338 5240 scriptor,
1361 5159 1418 5240 qui
1438 5159 1571 5223 codicem
1586 5161 1691 5240 ursum
1706 5159 1873 5238 inchoavit,
1896 5159 2070 5241 adscripsit.

531 5385 555 5452 ὓ)
577 5387 690 5454 Oorrip:
713 5387 818 5439 Walcbe
838 5386 885 5454 (ert
908 5387 1022 5438 Walictio
1039 5387 1095 5438 ate.
1121 5386 1336 5453 Wciupocrteueic).

529 5525 551 5591 ι)
571 5521 604 5578 Si
626 5539 692 5578 auu
717 5539 774 5576 uou
791 5523 975 5591 celebrabitur,
996 5523 1202 5592 propinquiores
1218 5523 1339 5580 umido
1355 5523 1501 5578 eorundem
1516 5521 1585 5574 barre
1602 5521 1743 5576 libertatem
1758 5520 1900 5589 bobdmnt,
1923 5527 1954 5574 ut
1970 5519 2070 5574 dutum

424 5608 499 5662 mum
516 5609 579 5663 olim
596 5609 629 5662 ob
646 5610 713 5677 ipeie
729 5609 807 5664 uobio
824 5609 954 5664 traditam
971 5610 1002 5663 iu
1020 5609 1178 5664 eouuuu
1191 5627 1245 5680 pro
1261 5609 1374 5665 remedio
1391 5610 1513 5680 murum
1530 5608 1684 5662 auuuamm
1702 5607 1739 5662 od
1754 5607 1838 5662 obem
1856 5608 1953 5676 burm,
1977 5606 2022 5660 ubi
2037 5605 2070 5660 eis

425 5695 510 5750 vicum
525 5696 616 5764 suerit,
635 5693 753 5764 ddcpurc
765 5695 881 5764 posunt.
