4298 6436
580 395 842 456 NECROLOGIUM
861 391 1126 456 SEEDORFENSE.

54 571 68 620 l.
122 567 175 621 llll
193 566 247 620 kal.
285 566 342 620 Sor.
361 567 448 621 Meht.
468 567 511 620 Au
530 568 645 630 Gronun
663 570 706 626 ob.

54 698 66 710 ..
134 654 174 708 XI
191 653 248 708 kal.
285 654 329 707 lta
347 670 417 706 uxor
434 654 562 709 Ruodolfi
581 657 750 726 carpentarii
769 657 803 710 de
823 659 939 713 Fluolon
958 657 1003 713 ob.
1032 658 1203 714 Wernherus
1222 660 1266 714 ob.
1285 664 1314 715 et
1332 661 1405 715 filius
1424 661 1483 715 eius
1501 661 1547 716 ob.

54 747 67 796 l.
148 741 172 795 ll
191 741 247 796 luel.
284 740 416 806 (Swester
432 741 558 811 Margret
575 743 628 802 Am
646 745 752 808 Gruud‚
769 762 827 800 was
845 745 972 800 meistrin
990 745 1069 813 hie.¹)

54 833 66 882 l.
136 827 174 881 Ill
193 828 249 882 lral.
286 827 373 882 Hesso
391 844 444 882 sac.
463 828 569 882 ordinis
587 848 607 884 s.
626 829 734 884 Lazarii
753 833 797 887 ob.

54 919 65 970 ἱ,
134 915 172 968 Vl
191 915 247 970 kal.
283 915 369 969 Meht.
387 931 441 968 von
460 914 634 986 Meggingin.
665 917 723 971 Sor.
742 918 878 988 Helwigis
896 919 931 972 de
951 918 1058 974 Hasle.*

54 1003 65 1054 '.
150 1001 248 1056 Vkal.
284 1001 343 1056 Sor.
361 999 522 1070 Hedewigis
540 1002 575 1056 de
587 1002 696 1057 Yaeltal
714 1005 758 1059 ob.
789 1004 839 1059 Ob.
859 1005 997 1059 Amoldus
1015 1004 1051 1058 ab
1070 1005 1147 1060 Ruti.

54 1099 66 1150 l.
137 1096 174 1150 1v
193 1096 249 1151 kal.
286 1090 429 1154 Hemina
453 1090 540 1155 dicta
562 1090 742 1178 Klinginna
764 1093 805 1158 de
828 1093 940 1158 Altorf
959 1093 1011 1158 ob.
1052 1107 1172 1162 Swester
1190 1107 1322 1163 Adelheit
1339 1108 1484 1163 Weinerra
1502 1112 1566 1163 sant
1585 1108 1682 1163 Lazers

335 1190 435 1246 ordene
453 1192 497 1246 ob.

54 1286 65 1332 l.
133 1278 173 1332 lll
190 1278 245 1332 lsul.
282 1279 399 1332 Hemma
411 1277 445 1333 de
458 1278 606 1335 Buocholc.
636 1280 777 1336 Amoldus
795 1282 829 1336 de
843 1280 1030 1336 Rezriederun
1048 1284 1077 1336 et
1091 1277 1234 1336 Hazzecsha
1247 1299 1315 1336 uxor
1328 1282 1434 1336 suaob.
1466 1283 1631 1338 Mahthildis
1647 1284 1682 1339 de

336 1364 528 1420 Ratsriederin
546 1383 615 1421 uxor
632 1371 693 1422 ...⁸

734 1495 973 1571 OCTOBER.

194 1625 250 1678 kal.
286 1625 410 1680 Judenta
427 1628 517 1680 mater
534 1625 628 1680 fratris
646 1625 777 1682 Hessonis
795 1627 839 1681 ob.

54 1717 64 1764 l.
137 1710 174 1764 VI
193 1728 257 1764 non.
285 1711 411 1766 Uolricus
433 1711 468 1766 de
486 1711 586 1767 Swites
611 1715 692 1781 pater
713 1713 808 1768 fratris
826 1713 969 1779 Hessouis‚
994 1714 1157 1769 benefactor
1178 1714 1290 1778 (lomus,
1314 1714 1358 1769 ob.
1395 1714 1446 1769 Ob.
1465 1715 1625 1786 lledewigis
1649 1716 1684 1770 de

338 1797 553 1868 Gumpclingen.

54 1885 68 1936 l.
138 1882 177 1937 lV
196 1899 260 1936 uon.
287 1883 460 1954 (Margareta
477 1884 513 1938 de
530 1883 673 1955 Gezing..
688 1925 694 1938 .
712 1888 776 1953 sor.)

54 1972 66 2024 i.
135 1970 175 2024 Ill
193 1986 258 2024 uon.
286 1971 371 2037 Sors)
391 1973 484 2042 Agnes
502 1971 536 2025 de
554 1971 725 2041 Attighusen
743 1972 787 2027 ob.

54 2057 57 2072 '
192 2073 256 2112 non.
283 2055 344 2126 Ego
362 2057 394 2113 fr.
424 2057 552 2112 Uolricus
564 2057 704 2112 Underme
721 2057 840 2128 Sohopl'e
859 2058 965 2114 contuli
984 2057 1092 2128 capelle
1110 2077 1130 2112 s.
1148 2058 1244 2112 Lazari
1263 2060 1279 2111 2
1298 2076 1393 2128 agros,
1416 2059 1450 2112 de
1468 2059 1571 2128 quibus
1590 2059 1683 2113 lumen

337 2146 422 2200 debet
439 2146 508 2210 dari,
527 2164 636 2217 semper
652 2148 684 2202 iu
702 2151 784 2203 nocte
802 2148 886 2203 debet
904 2148 1010 2211 ardere,
1029 2166 1117 2218 usque
1136 2148 1221 2202 missa
1238 2151 1378 2202 cantatur.

54 2271 67 2285 ..
149 2228 230 2284 Vid.
283 2230 340 2285 Sor.
360 2231 478 2287 Hemma
495 2233 572 2288 dicta
590 2233 786 2288 Stuolseainna
803 2231 909 2290 ordinis
926 2251 948 2288 s.
966 2234 1065 2288 Lareni
1084 2234 1127 2289 ob.
1159 2235 1335 2289 Burchardus
1354 2235 1389 2288 de
1402 2233 1527 2302 Uoziugo
1546 2233 1590 2287 ob.

54 2318 65 2368 l.
137 2315 177 2369 ΙΙΙ
195 2315 233 2370 id.
286 2317 422 2388 Magister
440 2319 566 2375 Uolricus
584 2320 619 2375 de
638 2319 749 2390 Cingim
768 2320 811 2376 ob.

54 2405 67 2455 ’.
193 2400 231 2455 id.
285 2404 460 2460 Burchardus
478 2406 528 2460 der
545 2407 671 2477 Egurder
688 2425 742 2463 von
761 2407 896 2462 Silennon
914 2411 944 2462 et
962 2425 1032 2464 uxor
1050 2409 1109 2464 eius
1128 2410 1172 2463 lta
1191 2408 1235 2464 ob.

54 2491 66 2542 l.
94 2488 174 2542 XVII
192 2488 248 2542 kal.
284 2489 402 2545 Hemina
423 2492 467 2547 ob.
502 2493 574 2547 Item
593 2493 732 2550 chunradi
757 2494 909 2549 sacerdotis
934 2493 1006 2549 obiit
1031 2495 1098 2564 (sic).
1135 2495 1178 2548 Fr.
1204 2494 1357 2549 Ruodolfus
1380 2493 1424 2548 ob.
1460 2493 1502 2548 Fr.
1523 2492 1685 2572 Cuonradus

336 2580 418 2647 pater
435 2578 536 2648 Eglolfi
554 2579 588 2633 de
606 2581 814 2652 Attigenhusen
833 2580 892 2634 ob.¹

54 2659 65 2714 '.
111 2659 177 2714 XVI
194 2659 250 2715 kal.
286 2663 352 2718 Sor.
372 2665 492 2720 Katrin
511 2666 647 2738 Bugliu‚
666 2667 825 2722 meistrin
843 2667 894 2721 dis
912 2660 1034 2722 ordens
1052 2672 1129 2723 saut
1148 2667 1283 2722 Lasars.

54 2752 64 2801 l.
124 2747 175 2800 XV
193 2748 248 2802 lrsl.
284 2749 328 2805 Fr.
346 2751 380 2804 H.
398 2751 435 2804 ab
453 2751 605 2807 Goloerrnu
624 2753 684 2808 ob.⁸

54 2841 64 2888 l.
110 2832 176 2888 XIV
194 2834 250 2890 lral.
285 2836 343 2892 Sor.
363 2838 463 2892 Bercta
484 2839 519 2894 de
537 2840 632 2894 Hnsen
650 2840 695 2897 ob.
726 2840 776 2895 Ob.
796 2839 950 2894 Ruodolius
973 2839 1031 2894 dec.
1051 2839 1166 2894 ecclesie
1190 2839 1219 2894 in
1239 2839 1334 2894 Alteri
1350 2841 1379 2893 et
1400 2827 1544 2892 incuratus
1562 2837 1686 2903 eiusdem

338 2923 462 2978 ecclesie.

54 3047 65 3060 ,.
120 3008 174 3062 Xll
191 3009 247 3063 kal.
284 3011 425 3066 Richenna
443 3024 491 3067 cr·
508 3012 585 3066 dicta
603 3011 699 3066 Selina
717 3012 761 3068 ob.
792 3012 850 3066 Sor.
870 3011 973 3067 Lucurt
993 3011 1037 3066 dis
1055 3012 1164 3068 ordene.

54 3098 66 3146 l.
138 3094 178 3148 xl
195 3095 252 3150 kal.
287 3097 345 3152 Sor.
364 3097 482 3151 Hemmu
500 3097 613 3167 Agnina
631 3097 759 3152 exterior.

54 3183 66 3234 ὲ.
139 3180 177 3234 lx
196 3181 250 3235 kal.
287 3183 470 3238 Chnonradus
488 3184 523 3237 de
542 3184 646 3238 Bawen
664 3184 708 3240 ob.

54 3267 67 3320 l.
121 3264 175 3320 Vll
193 3267 248 3322 kal.
285 3269 386 3326 Beroia
404 3270 439 3324 de
457 3271 594 3324 immense
613 3269 656 3324 ob.

54 3357 66 3407 l.
151 3349 249 3408 Vkal.
287 3357 387 3411 Bercta
404 3356 448 3411 ob.
479 3357 607 3412 Uolricus
625 3357 703 3412 Inem
723 3359 819 3413 Grute.

54 3479 65 3493 ,.
148 3440 175 3493 Π
193 3440 248 3494 lral.
284 3442 327 3498 l‘r.
352 3443 509 3498 Bernerdus
535 3443 671 3513 magister
697 3444 802 3500 ordinis
829 3465 849 3499 s.
874 3444 971 3498 Lazari
999 3445 1028 3498 in
1052 3444 1219 3499 Alemannis
1243 3445 1287 3500 ob.
1324 3445 1495 3499 Weruherus
1522 3444 1625 3499 nobilis
1652 3444 1687 3497 de

339 3528 530 3598 Attinghuseu
548 3529 628 3584 miles
648 3531 707 3584 ob.·

716 3674 993 3748 NOVEMBER.

54 3807 66 3856 l.
141 3803 179 3857 IV
198 3821 261 3860 non.
290 3806 430 3861 Richenra
448 3807 491 3860 ob.
522 3807 623 3860 Bereta
641 3806 685 3862 ob.
715 3807 837 3861 Mecthel
856 3808 923 3876 (sic).

54 3893 65 3942 l.
138 3889 178 3942 lll
196 3907 259 3945 uon.
287 3893 405 3948 Iacobus
422 3892 558 3962 vicepleb.
577 3892 658 3946 istius
677 3893 782 3958 domus,
801 3893 836 3948 de
853 3910 909 3962 quo
928 3893 1012 3946 datur
1030 3892 1168 3946 sacerdoti
1186 3893 1232 3948 hie
1251 3892 1404 3948 celebranti
1425 3894 1473 3959 lp,
1492 3894 1521 3946 et
1539 3891 1688 3946 constituit

338 3978 433 4034 lumen
450 3979 481 4032 in
499 3978 636 4048 superiori
656 3978 781 4040 ecclesia,
800 3978 844 4032 ob.

54 4065 66 4116 l.
148 4062 174 4116 ll
192 4081 256 4118 non.
285 4064 419 4118 Dominus
437 4063 601 4118 cnonradus
620 4064 731 4118 villicus
749 4061 779 4118 in
798 4064 922 4134 Brirglon
940 4064 1032 4118 dictus
1051 4063 1204 4132 Schupffer.

54 4152 66 4204 l.
109 4149 176 4203 Vlll
195 4149 232 4206 id.
285 4150 353 4206 Otto
372 4150 532 4205 cellerarius
550 4150 584 4204 dc
604 4149 852 4205 Oberirwintertur
870 4151 928 4219 (cic)
948 4150 992 4205 ob.
1023 4149 1185 4204 cuonradus
1205 4149 1239 4204 de
1258 4149 1359 4204 Sedorf
1375 4148 1418 4204 ob.

54 4236 66 4290 '.
125 4236 178 4290 Vll
196 4237 233 4292 id.
286 4238 426 4292 Ilichenra
443 4237 478 4291 de
496 4240 566 4291 Arta
584 4237 628 4291 ob.

54 4327 66 4376 l
137 4324 175 4378 VI
193 4323 229 4377 id.
285 4323 424 4378 Arnoldus
448 4325 480 4377 In
505 4323 554 4378 der
572 4322 671 4377 Gauda
694 4323 737 4376 ob.
774 4323 913 4377 lohannes
938 4322 1010 4376 filius
1029 4321 1148 4392 Egelolll
1172 4322 1206 4377 (le
1226 4322 1448 4392 Atingenhuseu.
1485 4322 1536 4377 Ob.
1558 4321 1688 4377 dominus

214 4465 219 4474 ,
339 4410 455 4465 lacobus
473 4410 507 4463 de
526 4409 730 4466 Geischenden.

54 4505 65 4552 l.
153 4497 233 4552 vid.
286 4496 473 4552 Marewardus
494 4497 530 4550 de
549 4496 645 4550 lseltal
664 4497 707 4551 ob.

54 4589 66 4638 l.
138 4583 232 4638 1v1d.
286 4585 430 4640 chuonrat
447 4584 482 4639 de
500 4585 605 4638 Brueea
623 4584 667 4638 ob.
699 4583 827 4636 Walther
845 4581 949 4636 Eechel
968 4586 997 4637 et
1014 4601 1084 4638 uxor
1101 4600 1152 4636 sua
1171 4583 1313 4636 llichenza
1331 4583 1375 4636 ob.

54 4715 66 4727 ,.
136 4671 176 4726 ΙΠ
193 4670 230 4725 id.
284 4669 403 4726 Hcmma
420 4671 455 4724 de
474 4671 548 4724 Esse.
579 4670 696 4724 Hemma
714 4669 758 4724 ob.
792 4669 820 4724 C.
839 4668 874 4722 de
894 4669 1001 4739 Brucge
1019 4669 1062 4724 ob.

441 4799 547 4804 „...-—..-
556 4797 666 4804 .....-—
688 4797 844 4802 .-.-..-.-.-.
853 4798 872 4801 -
880 4797 916 4802 -..
925 4797 1249 4802 —-..--..—-.--....—..
1270 4798 1321 4802 .—
1333 4799 1396 4803 ——-
1410 4797 1575 4803 .—..—...

128 4886 153 4948 ⁸)
179 4884 287 4936 Verbum
304 4901 385 4934 mareu
403 4883 459 4934 aliu
477 4881 603 4933 additum.

130 5024 152 5084 ι)
172 5021 211 5074 B:
233 5019 336 5073 Suesler
356 5018 481 5073 Morlrlild
497 5034 550 5072 von
567 5017 674 5082 Areas,
692 5017 819 5083 omerio,
836 5016 878 5070 iret
893 5022 975 5084 ymeri
992 5032 1039 5070 eae
1055 5016 1119 5069 sind
1135 5016 1189 5068 teo
1205 5017 1265 5084 (sic)
1284 5016 1339 5070 dur
1356 5017 1382 5068 ir
1399 5017 1437 5069 sel
1453 5015 1539 5070 willon
1556 5014 1616 5068 mid
1632 5014 1689 5069 dur

54 5104 152 5159 &aad
176 5105 202 5157 ir
228 5119 348 5158 maeoseu
374 5103 411 5156 sel
436 5103 523 5155 millen
550 5119 600 5155 zuo
625 5101 651 5154 ir
673 5100 747 5154 teder
769 5100 861 5167 iamir,
888 5100 947 5153 ruod
972 5102 1011 5154 sol
1032 5100 1078 5154 der
1102 5101 1160 5156 zise
1182 5100 1239 5155 dun
1257 5102 1359 5168 [rowell
1382 5102 1445 5156 uber
1467 5102 1532 5156 lisele
1556 5101 1686 5172 [diencnj.

69 5191 173 5245 Nomen
201 5191 293 5244 oranti
321 5207 406 5243 mauu
434 5188 571 5242 roeereiori
597 5189 628 5241 iu
655 5187 843 5254 ,‚mercutorie“
870 5192 1024 5254 mptum
1053 5193 1096 5241 cst.
1216 5192 1239 5256 a)
1266 5188 1369 5242 Eadem
1397 5206 1484 5242 oscae
1509 5188 1540 5242 in
1566 5188 1688 5257 murciae

54 5281 148 5347 {olori
165 5279 327 5348 udaeriydum
345 5285 382 5333 est
400 5279 442 5344 (io
461 5277 603 5346 ree-omia
622 5279 664 5346 D:
683 5276 731 5330 Ich
743 5276 841 5345 Eylels
854 5293 904 5328 cun
920 5275 1133 5344 Attiuqentueea
1149 5276 1221 5329 lsatte
1236 5275 1364 5344 mordaci
1382 5275 1430 5329 mit
1447 5274 1532 5328 miore
1548 5275 1688 5340 hersdrelte

54 5367 124 5433 lien,
147 5365 179 5419 de
201 5383 265 5419 osan
282 5367 333 5419 olle
344 5365 395 5432 jar
410 5365 469 5435 yae
486 5365 599 5418 ellielreru
616 5381 709 5418 omnen
726 5361 861 5417 ownameo
878 5371 894 5417 5
910 5362 1044 5430 aclsillioyc
1061 5363 1123 5416 rcum
1140 5363 1185 5415 ein
1203 5361 1258 5416 rok.
1295 5363 1345 5416 Nu
1363 5363 1420 5416 tuo
1437 5362 1480 5416 ich
1494 5361 1632 5432 scor-dnos,
1656 5359 1687 5414 de

54 5471 88 5507 aa
110 5452 153 5506 die
174 5453 260 5506 selben
282 5452 448 5520 oaclrillinye
473 5451 532 5520 yebc
555 5450 616 5504 dien
637 5451 772 5504 bnsoderu
794 5465 846 5503 eon
865 5449 949 5503 Saule
968 5447 1056 5501 Laeer
1076 5448 1108 5502 io
1127 5448 1282 5514 Oterndcrs
1299 5443 1400 5502 scater
1419 5447 1578 5515 Elaetetun,
1602 5443 1688 5503 miore

54 5534 1688 5608 uer(rie),zeurircaaein9wane‚&emedzamndeswenaaoemebewarmaciensem

54 5631 127 5680 eder
148 5642 213 5694 yon,
237 5625 276 5678 da
296 5625 341 5679 eia
362 5625 472 5680 olretest
496 5623 599 5691 teleos,
623 5623 678 5678 dur
702 5623 773 5678 mins
794 5628 867 5676 vater
883 5622 920 5676 sd
935 5621 1023 5674 aiam
1041 5621 1115 5676 mode
1131 5623 1218 5676 meiere
1234 5628 1335 5676 macter
1352 5621 1424 5676 uode
1440 5623 1498 5676 mio
1514 5621 1586 5676 mede
1604 5621 1689 5676 mim

54 5713 148 5767 nime
166 5713 295 5782 mean
313 5711 384 5766 mede
400 5713 455 5767 alre
472 5711 558 5766 mim
574 5710 691 5766 cerdreo
705 5711 761 5764 acle.
798 5709 883 5764 Dico
900 5707 1035 5776 euulsa
1049 5709 1089 5776 uit
1105 5726 1172 5764 mua
1190 5751 1236 5765 ...
1255 5709 1340 5777 (lioou
1357 5709 1454 5764 aalma
1471 5724 1550 5764 occu
1567 5711 1625 5776 oet).
1687 5755 1688 5760 ,
