4296 6434
957 401 1222 458 NECROLOGIUM
1241 401 1510 458 ZWlFALTENSE.

718 589 856 645 m⁵.n.e.
896 577 1071 663 Gerungus
1094 578 1115 642 1.
1159 577 1265 642 Gieile
1294 578 1321 639 1·
1347 578 1388 641 de
1421 578 1677 663 Sparwarsek.·)
1722 577 1904 661 (Eberhart
1933 598 2060 642 cv.n.e.

717 682 902 746 Friderieus
930 681 965 765 l.)
1017 697 1175 767 walpurga
1206 695 1240 751 de
1274 696 1454 767 Haldenberg
1491 715 1560 752 uxor
1593 697 1705 768 Georgii
1737 696 1855 751 Kniben.
1908 697 2062 750 Heinius.

720 785 858 854 unwan.

408 892 448 946 15.
476 891 555 945 xvn
573 890 630 943 kal.
666 873 869 939 Ernestm.
907 871 1121 937 Adeluncl.
1158 871 1355 937 Riehinze.
1395 872 1554 936 Albertus
1570 872 1611 938 de
1629 873 1753 939 Ouwon
1769 874 1920 938 subdiac.
1960 872 2061 956 Swig·

717 999 815 1064 gerus
831 977 852 1042 l.
868 977 909 1041 de
922 975 1165 1061 Gundilvingin.
1201 975 1515 1058 (Ernestusm.n.e.
1548 977 1844 1063 Ruodigeruec.n.
1880 977 2061 1042 Ottoem.

719 1082 855 1165 Swiger.
885 1079 1046 1144 Ernestus
1058 1101 1100 1144 m.
1114 1101 1145 1143 n.
1159 1101 1186 1143 c.
1197 1080 1294 1164 prior.
1324 1079 1481 1144 Adelhait
1495 1082 1515 1146 1.
1545 1080 1701 1145 Adelheit
1712 1083 1748 1154 1.)
1779 1095 1951 1150 Annadida
1962 1097 2062 1150 Bessin.

408 1206 448 1257 16.
492 1201 629 1256 XVlkal.
667 1187 929 1252 Hartmannus
960 1206 1049 1250 corn.
1072 1191 1108 1248 et
1131 1206 1172 1248 m.
1202 1184 1247 1248 de
1277 1183 1581 1260 Neruisthein.¹')
1619 1186 1883 1271 Reginhartl.
1928 1185 2061 1248 irmin-

717 1297 803 1374 gart
824 1290 845 1352 l.
888 1289 1048 1352 Albertue
1072 1288 1093 1351 l.
1132 1287 1325 1352 Waltherus
1355 1289 1375 1351 l.
1407 1289 1447 1353 de
1479 1289 1696 1355 Uotinbruke.
1742 1290 1915 1374 (Riehinza
1945 1291 2061 1353 sancti-

719 1395 865 1459 monialis
889 1416 949 1460 n.c
998 1394 1140 1457 Hailwie
1164 1414 1296 1459 cv.n.e.
1336 1393 1429 1479 Gepa
1452 1393 1488 1478 l.)
1528 1409 1677 1464 (Mam,

407 1516 448 1569 17.
506 1514 557 1568 XV
576 1513 631 1566 kal.
669 1499 1043 1565 Guntherusn.e.m.
1083 1497 1309 1562 Ludewiel.
1347 1496 1580 1562 Hailwichl.
1619 1498 1974 1584 Eberharduspbr.
1994 1496 2060 1584 [de]

719 1604 965 1688 Horniggen,
989 1603 1052 1666 iste
1076 1600 1166 1665 dedit
1188 1601 1282 1665 nobis
1305 1603 1379 1686 plus
1403 1622 1501 1686 quam
1517 1606 1558 1666 80
1575 1624 1701 1666 mareas
1717 1605 1857 1687 argenti,
1883 1603 2063 1667 Slumina

720 1729 802 1771 eum
819 1708 999 1772 caritate.
1036 1704 1182 1770 Cuonrat
1198 1705 1328 1768 Biseinc
1342 1706 1363 1768 l.
1398 1705 1608 1770 Hermannus
1624 1728 1667 1769 m.
1681 1729 1711 1771 n.
1725 1728 1752 1773 c.
1765 1707 1839 1770 abb.
1854 1707 1896 1772 de
1910 1706 2063 1771 Aleehin-

719 1813 784 1896 gin.
824 1811 1016 1876 Cuonradus
1040 1831 1174 1874 ev.n.e.
1212 1808 1420 1892 (Cuonradus
1443 1830 1491 1873 ev.
1529 1809 1701 1874 Willebirc
1725 1811 1760 1893 l.)

410 1933 449 1984 18.
492 1928 631 1983 xlvkal.
668 1915 829 1980 Heriolt
851 1915 873 1980 1.
912 1914 1087 1979 Wilburo
1109 1935 1251 1978 n.e.cv.
1290 1911 1495 1977 Wernherus
1512 1914 1533 1976 l.
1555 1913 1597 1979 de
1615 1914 1692 1979 Ura.
1731 1913 2063 1997 (Adelheitcv.n.c.i

411 2034 450 2088 19.
496 2032 563 2086 XIII
579 2032 635 2084 kal.
671 2019 883 2085 Waleuono
907 2041 1044 2086 n.e.cv.
1083 2018 1288 2103 Manegold
1306 2039 1397 2082 com.
1416 2015 1486 2104 [de]
1504 2018 1810 2104 Hundirsingen.
1848 2019 2065 2104 Wolftrigil

720 2124 741 2189 l.
776 2121 845 2210 [de]
877 2124 1061 2209 Ehingin,
1093 2124 1279 2188 officium.
1329 2123 1508 2188 Ernisti.
1557 2122 1763 2188 Judintal.
1813 2123 2005 2188 Ouonradus
2027 2125 2064 2188 de

721 2227 946 2313 Gamertingin
970 2228 1044 2292 abb.
1084 2227 1295 2292 Burehardus
1319 2226 1339 2290 l.
1380 2225 1556 2290 Heinrieus
1581 2247 1661 2290 com.
1682 2225 1722 2290 de
1740 2227 1934 2292 Wartstain.
1973 2227 2065 2311 (Vol-

723 2331 820 2417 preht
843 2352 890 2396 cv.
904 2353 934 2396 n.
948 2331 989 2416 e.)

409 2449 452 2501 20.
506 2447 559 2501 ΧΠ
578 2447 632 2499 kal.
670 2434 757 2499 Sizo
779 2435 799 2497 l.
838 2434 996 2500 Bethta.
1031 2435 1268 2516 Wernherl.⁰)
1307 2435 1359 2497 lta
1375 2436 1533 2498 canoniea
1551 2431 1616 2520 [de]
1634 2434 1826 2498 Otilistetin.
1867 2434 2066 2498 Adelbertus

718 2561 740 2602 n
763 2559 852 2604 eeV.
896 2538 1106 2604 Eberhardue
1138 2560 1230 2604 ev.n.
1278 2538 1448 2602 Elisabeth
1472 2558 1502 2602 n.
1518 2559 1543 2601 e.
1589 2537 1721 2602 Mahtilt
1744 2540 1763 2602 l.
1808 2537 1997 2621 (Aidelheit
2021 2560 2065 2603 cv.

721 2643 927 2708 Wernherus
938 2665 979 2707 m.
989 2665 1020 2707 n.
1030 2665 1057 2707 e.
1068 2643 1141 2708 abb.
1155 2643 1250 2706 huius
1261 2643 1333 2714 loci,
1347 2642 1500 2706 officium.
1526 2641 1704 2706 Dinemuot
1715 2642 1735 2705 l.
1748 2641 1789 2705 de
1799 2643 2067 2726 Anmerchigen.)

410 2763 452 2814 21.
520 2757 633 2812 xlkal.
670 2747 936 2812 Herimennus
960 2748 980 2812 l.
1020 2746 1268 2832 Foigerpbr.
1306 2745 1518 2810 Heinrieus
1542 2746 1563 2810 l.
1586 2745 1632 2810 de
1656 2745 1848 2826 Dietfurt‚
1881 2747 2067 2811 officium.

720 2850 874 2915 Hiltrut
895 2852 914 2914 l.
955 2851 1202 2917 Saztobrana
1216 2852 1237 2916 l.
1253 2851 1294 2914 de
1310 2850 1465 2922 Bolanie3
1490 2851 1551 2914 iste
1573 2848 1662 2913 dedit
1685 2850 1777 2913 nobis
1801 2871 1933 2914 crucem
1953 2873 2069 2936 argen-

721 2963 809 3019 team
826 2962 859 3020 et
875 2957 940 3019 alia
956 2956 1070 3021 multa.
1106 2955 1198 3020 Otto
1215 2955 1255 3019 de
1274 2952 1513 3018 Sundirinbuoe
1530 2974 1559 3017 n.
1575 2975 1599 3017 e.
1613 2975 1654 3017 m.
1691 2952 1921 3018 Cuonradus
1936 2977 1985 3019 cv.
2000 2977 2030 3019 n.
2044 2977 2070 3018 e.

723 3059 881 3123 Mathilt
903 3081 935 3124 n.
948 3081 975 3124 e.
988 3081 1040 3123 cv.
1078 3058 1279 3124 Bertholdus
1295 3057 1335 3120 de
1351 3057 1541 3141 Phuningin
1558 3079 1589 3120 n.
1604 3079 1631 3121 ο.
1644 3077 1692 3122 ev,
1731 3057 1862 3122 Mathilt
1876 3059 1898 3124 1.
1914 3059 1956 3122 de
1972 3058 2068 3123 Diet-

720 3163 795 3227 surt.
829 3162 1039 3245 (Cuonradus
1055 3185 1146 3250 puer.
1181 3163 1488 3228 Adelhaitev.n.c.
1523 3161 1832 3246 Adilhaite.n.ev.)
1868 3178 2074 3249 GraffWcilfly

720 3265 752 3318 de
776 3265 904 3334 Veiinqen
921 3271 944 3318 ά
962 3266 1114 3318 Hainn'mte
1133 3266 1208 3319 rutiles
1226 3265 1259 3318 de
1279 3264 1422 3334 Reddam,
1441 3281 1520 3328 uxor,
1537 3264 1589 3330 filii
1606 3270 1631 3317 et
1647 3264 1702 3330 filie
1719 3264 1783 3317 eine.

409 3369 450 3421 22.
534 3365 635 3420 Xkal.
671 3353 908 3418 Uodairieus
929 3375 1067 3419 cv.n.e.
1100 3353 1389 3420 Guotan.e.m⁸.
1420 3353 1657 3417 Hessooom.
1687 3351 1938 3420 Bertoldusl.
1967 3355 2071 3418 Mah-

723 3458 918 3524 tilteom·.
955 3457 1120 3522 Mahtilt.
1161 3457 1357 3522 Adelheit.
1396 3455 1633 3520 Heilwichl.
1673 3456 1887 3541 Megingozus
1905 3459 1981 3523 abb.
2003 3457 2069 3545 [de]

722 3560 918 3646 Wingartin.
957 3561 1151 3647 Hailiggad)
1181 3582 1228 3626 cv.
1273 3561 1497 3645 (Reinhardue
1527 3581 1558 3624 n.
1572 3581 1599 3623 c.
1612 3582 1653 3624 m.
1696 3559 1909 3624 Eberhardus
1939 3583 2074 3629 ev.n.e.

725 3665 921 3730 Berhtoldus
950 3667 985 3750 l.)
1028 3683 1126 3736 Petrus
1144 3682 1223 3736 Koch
1241 3681 1313 3751 pbr.¹
1347 3683 1475 3735 Allienus.
1506 3679 1694 3734 Barchardus.

412 3781 455 3833 ⁶23.
526 3779 563 3831 lx
582 3776 637 3831 kal.
673 3769 874 3854 Manegolt
895 3770 974 3856 pbr.
1009 3769 1173 3838 Tuotal.
1205 3769 1473 3856 Diepurch⁰)l.
1503 3767 2076 3855 MathiltideSigemaringin,

723 3873 909 3939 officium.
944 3874 1202 3940 Adelheitev.
1241 3873 1576 3938 Hartroohn.e.m.
1612 3871 1914 3938 Ounizan.e.cv.
1951 3874 2075 3938 Cuon·

724 3977 839 4042 radus
863 3999 990 4043 n.e.m.
1024 3977 1380 4044 Bureardueev.n.m.
1415 3975 1648 4060 Willizmans)
1686 3976 1949 4044 Herimannusl.
1985 3977 2075 4043 Mer-

723 4081 820 4167 garth
844 4103 892 4146 ev.
937 4081 1074 4146 Emieho
1098 4082 1119 4147 l.
1163 4081 1269 4146 Tuota
1293 4083 1313 4148 Ι.
1356 4081 1469 4146 Gisela
1493 4081 1513 4143 l.
1552 4079 1787 4165 (Theodericus
1810 4081 1830 4144 l.
1869 4080 2032 4148 Hadewie
2055 4084 2076 4146 l.

726 4185 856 4249 Haduie
879 4185 915 4270 Ι.)

415 4296 457 4349 24.
496 4295 564 4348 vffl
583 4295 638 4349 kal.
673 4287 1038 4373 Reginliniev.n.c.
1078 4289 1427 4373 Liugarthev.n.e.
1467 4287 1636 4353 Ohuono.
1676 4287 1912 4368 Nithartssil.
1952 4291 2075 4358 Eber-

725 4390 912 4457 hardusn.
927 4414 952 4457 c.
967 4413 1008 4455 m.
1044 4392 1382 4458 Adelbertusm.n.o.
1418 4393 1648 4458 Ouonradusl.
1684 4393 1780 4477 (Pela
1795 4393 1870 4458 ide
1885 4393 2077 4482 Enzibere.)

415 4506 457 4556 25.
492 4503 566 4557 ,VII
585 4503 639 4557 kal.
677 4494 849 4581 Witigou
876 4496 897 4560 l.
941 4496 1141 4562 Gebehart
1166 4519 1209 4563 m.
1251 4498 1404 4562 Hiltrut
1432 4499 1452 4562 l.
1491 4497 1614 4562 Wezil
1643 4519 1780 4563 n.c.ev.
1826 4498 1997 4567 Adelbero
2027 4525 2077 4570 cv.

725 4600 884 4664 Riehinza
914 4623 944 4665 n.
963 4624 989 4666 e.
1009 4623 1057 4665 ev.
1104 4601 1213 4686 Egino
1245 4604 1265 4668 l.
1311 4601 1520 4688 Ruodigerus
1548 4603 1569 4666 l.
1612 4601 1781 4668 Albertus.
1825 4603 1998 4683 (Mahthilt
2029 4630 2078 4672 ev.

726 4703 904 4769 Heinricue
927 4705 949 4770 1.
987 4703 1142 4770 Mahtilht
1164 4707 1184 4772 l.
1209 4707 1250 4772 de
1273 4707 1465 4772 Pliumeren
1488 4706 1588 4792 (ειη.)

418 4814 460 4869 26.
530 4813 643 4867 Vlkal.
678 4807 797 4873 Hezil
819 4828 898 4894 eps.
931 4807 1116 4873 Heriman
1138 4832 1198 4890 m.‚
1223 4832 1312 4874 eom.
1337 4807 1407 4898 [de]
1430 4811 1671 4894 Lintburk.¹¹)
1708 4810 1919 4877 Gerdrutl.
1957 4814 2077 4879 Adel-

729 4910 821 4977 hait.
857 4911 1136 4996 Engiiburchl.
1173 4915 1458 4979 Wezeln.c.cv.
1490 4913 1794 4980 Volmuotm⁸n.e.
1830 4915 2077 4984 Eberhardusl.

728 5016 903 5098 (Gisilhart
936 5038 984 5081 cv.
1005 5039 1036 5081 n.
1055 5039 1082 5082 c.
1130 5018 1311 5083 Ruodolfue
1340 5041 1381 5084 m.
1402 5041 1433 5084 n.
1453 5041 1482 5084 e.
1527 5017 1708 5083 Hadewich
1735 5020 1755 5084 l.
1788 5020 1829 5084 de
1857 5019 2076 5089 Undilhueen.

728 5121 905 5186 Heinrieus
927 5122 947 5186 l.
971 5121 1012 5186 de
1035 5123 1308 5208 Anmerkingen.)

522 5315 547 5380 Ι)
567 5315 606 5365 Β.·
624 5315 833 5381 Sparwaraeeqqe.
919 5313 945 5378 b)
963 5313 1004 5364 B:
1021 5314 1149 5366 Nerctein.
1237 5315 1260 5380 0)
1279 5314 1462 5366 Βαιαεηπου.
1552 5313 1578 5381 d)
1596 5315 1771 5367 Bsfloeiom
1858 5317 1882 5382 ο)
1901 5317 1939 5368 13:
1953 5319 2077 5386 Diepure.

417 5402 496 5469 013.-
520 5403 667 5454 sziman.
771 5401 796 5463 Β)
816 5402 856 5452 B:
875 5401 996 5453 ΝεοΙιανι,
1102 5401 1126 5464 ¹¹)
1145 5402 1185 5453 B:
1204 5402 1363 5454 Leimibure.

523 5542 544 5602 ι)
564 5539 661 5592 Peme
685 5536 776 5591 Kroch
801 5537 861 5606 (sic)
887 5537 921 5591 de
950 5537 1145 5607 sdetcminqen
1170 5539 1232 5592 olim
1254 5537 1304 5591 dec.
1337 5538 1367 5591 in
1391 5537 1549 5608 Riedlinyen
1570 5557 1630 5592 cum
1652 5541 1710 5592 sutile
1729 5541 1886 5608 jusserit-ibus
1916 5541 1988 5594 dedit
2013 5559 2076 5595 wn-

420 5627 508 5680 eentui
524 5627 555 5678 in
574 5625 719 5689 Zwiseltun
736 5623 773 5676 ad
789 5625 921 5694 oblaqium
940 5627 995 5680 id
1012 5627 1114 5694 aryemi
1132 5643 1166 5680 ex
1182 5632 1268 5680 castro
1286 5624 1457 5679 Eusendaim
1473 5625 1522 5680 edo
1540 5627 1612 5682 cirea
1630 5626 1790 5681 Danubium
1808 5643 1853 5682 uec
1870 5645 1927 5681 non
1945 5629 2006 5681 aliis
2024 5629 2077 5682 suh·

418 5713 531 5766 onmis
550 5711 603 5780 (C).
