4334 6442
677 397 904 454 FRAGMENTA
925 398 1149 454 NECROLOGII
1171 400 1418 456 BLAUBURANI.
1812 410 1876 471 659
1946 441 1949 448 ·

217 577 256 629 15.
383 575 420 628 id.
473 567 654 636 Ruodoifus
684 591 760 651 rex,
792 594 818 638 s.
842 571 931 638 Petri
961 573 1072 653 miles,
1104 574 1256 658 migravit
1286 573 1527 644 abdominum.
1571 575 1770 642 Gisilbertue
1803 576 1875 667 pbr.

216 783 255 836 19.
298 780 364 835 xlv
382 781 437 836 kal.
474 672 715 844 Heilhheiihib.

214 886 256 940 28.
337 885 437 943 Vkel.
474 879 658 965 sigefridus
682 880 759 946 abb.
775 880 827 945 ob.

904 1023 1180 1099 NOVEMBER.

233 1164 256 1215 l.
381 1162 438 1216 kal.
475 1155 616 1221 Amezo
640 1163 678 1221 et
701 1156 924 1222 [trisoricus
948 1157 1071 1223 freter
1094 1160 1180 1223 eius
1203 1158 1260 1224 ob.

230 1266 254 1318 6.
300 1265 365 1320 Vm
384 1267 421 1320 id.
475 1258 649 1325 Bertoldus
673 1262 747 1345 piae
771 1262 948 1326 memoriae
971 1261 1040 1326 dux
1063 1259 1305 1325 Corinthiorum
1328 1260 1382 1326 ob.

216 1371 254 1422 10.
326 1369 364 1423 [v
382 1369 420 1423 id.
473 1362 526 1427 Fr.
550 1361 720 1428 Kadaleus
744 1363 795 1428 ob.

909 1503 1177 1578 DECEMBER.

230 1645 255 1697 3.
322 1644 362 1698 ΙΙΙ
381 1662 445 1699 non.
473 1638 673 1703 Adelbertus
697 1638 767 1724 pbr.
791 1644 824 1702 et
848 1659 924 1702 vere
948 1659 990 1701 m.
1014 1637 1166 1723 migrarit
1188 1637 1230 1701 ed
1254 1638 1430 1704 dominum.

230 1749 255 1801 6.
300 1748 365 1802 VlII
384 1748 422 1802 id.
476 1742 638 1808 Gereldue
661 1741 826 1808 Ostiensis
850 1762 919 1827 eps.
936 1741 987 1807 ob.

229 1852 255 1905 8.
327 1851 366 1905 Vl
383 1851 421 1905 id.
474 1844 662 1912 Arnolfus
685 1847 898 1931 imperator
921 1844 978 1910 ob.

214 1957 256 2010 14.
297 1956 362 2010 xlx
381 1956 437 2010 kal.
473 1950 588 2036 Agnes
610 1951 803 2037 imperatrix
826 1949 879 2015 ob.

213 2059 255 2112 18.
311 2059 362 2113 XV
380 2061 437 2115 kal.
472 2052 679 2138 Reginlindis
703 2055 755 2120 ob.

214 2164 254 2217 19.
297 2163 362 2217 xlv
380 2163 436 2218 kal.
472 2156 659 2223 Adelheida
682 2157 895 2222 Teurinensis
919 2167 1010 2221 com·
1025 2157 1076 2222 ob.

316 2791 754 2889 FRAGMENTA
799 2791 1239 2888 NECROLOGII
1282 2790 1772 2954 BLAUBURANI.

320 3001 441 3094 Oedici
465 3029 525 3092 Nr.
542 3031 585 3091 93
606 3030 730 3111 abacta
753 3027 953 3093 bibliothecae
972 3027 1227 3092 Caratirahensis
1248 3028 1491 3108 neembranaceo‚
1514 3030 1673 3111 qnondam
1696 3030 1740 3094 ad
1761 3029 1867 3094 botn-

211 3135 329 3197 thecam
355 3133 575 3197 rnarchianam
601 3131 802 3196 Badensinnr
828 3133 865 3196 in
895 3133 1021 3195 civitate
1043 3131 1177 3196 Rastatt
1198 3132 1389 3213 pertinenti,
1422 3133 1476 3195 cni
1505 3134 1542 3196 in
1568 3133 1645 3214 [olio
1673 3135 1704 3198 2.
1735 3135 1870 3215 scriptor

210 3237 387 3322 saecntiX
394 3235 448 3302 VI.
471 3236 564 3300 verba
593 3235 691 3314 „tiber
712 3258 736 3300 ε.
761 3236 916 3301 Iohannis
939 3235 1110 3317 Baptistae
1138 3238 1176 3300 in
1198 3235 1398 3300 Blanbiren“
1420 3237 1620 3317 sccbscripsit,
1649 3237 1779 3318 setiam,
1806 3257 1868 3318 qao

210 3341 416 3422 necrolayiarn
445 3339 569 3404 saconia
601 3340 683 3404 XII.
714 3342 843 3404 incante
873 3341 969 3404 scribi
997 3346 1152 3421 coaeterne,
1183 3340 1319 3404 sacculis
1348 3341 1430 3405 XII.
1455 3346 1484 3404 ct
1508 3341 1610 3405 XIII.
1634 3343 1865 3420 contr'nnatarn,

209 3445 332 3507 saccata
357 3444 433 3508 XV.
457 3445 591 3526 deniqne
613 3445 698 3508 natis
713 3437 833 3524 paahis
854 3445 1029 3508 adauctam
1053 3445 1247 3522 continetur,
1270 3443 1459 3508 octianctnm
1482 3451 1542 3523 cst,
1572 3446 1657 3526 quod
1678 3443 1869 3527 bibliapcyns

211 3550 342 3612 codicem
372 3550 477 3629 chosam
505 3547 631 3630 licando
653 3548 789 3612 nimiam
810 3549 953 3612 resecuit.
1001 3549 1089 3630 erae
1110 3547 1290 3630 fracmenta
1311 3550 1485 3612 mortnarii
1505 3550 1753 3638 inlmonasterio
1776 3547 1866 3629 Scat-

211 3653 340 3716 hasensi
361 3654 480 3733 scripta
503 3674 567 3715 esse
588 3653 639 3715 nir
661 3652 858 3716 clarissimas
873 3653 1089 3734 Fredeyarins
1102 3653 1208 3729 Mene,
1231 3653 1289 3733 qai
1304 3653 1434 3732 primns
1456 3653 1603 3736 (Quelien
1625 3655 1681 3717 der
1700 3652 1869 3716 badeschen

211 3757 507 3838 Lamlesycschichte
520 3757 589 3834 III,
603 3741 767 3836 620-21)
790 3756 897 3820 codem
919 3756 1027 3834 cdaiit,
1051 3757 1190 3819 coniecit.
1240 3755 1302 3820 Gai
1325 3762 1354 3820 ct
1374 3757 1441 3837 ipse
1455 3778 1604 3821 cessassem
1618 3777 1706 3821 eram
1721 3755 1869 3839 (anlien

209 3883 268 3924 aar
282 3853 560 3925 Schweiaerischen
577 3859 760 3924 Geschichte
775 3861 858 3938 ΙΙΙ),
881 3881 953 3924 canc
974 3860 1105 3924 nomina
1122 3857 1271 3923 abbairnn
1287 3860 1411 3924 Anien
1433 3866 1462 3924 ct
1478 3860 1633 3943 Hayonis,
1656 3881 1738 3942 qaae
1759 3861 1797 3924 in
1818 3861 1869 3924 his

208 3964 396 4047 fracmentis
421 3966 643 4042 inveniantur,
673 3965 803 4028 nomina
826 3964 1093 4046 Scafhasensiarn
1118 3964 1185 4027 sint
1207 3970 1237 4028 ct
1257 3967 1484 4029 monasteriam
1507 3965 1721 4045 Scalhnsensc
1743 3965 1779 4028 in
1800 3966 1868 4030 rn‘co

218 4070 403 4135 Wolthnsen
431 4069 554 4132 amenio
579 4069 662 4133 XII.
683 4070 823 4149 praedia
848 4070 1008 4148 tranent,
1040 4075 1077 4132 nt
1104 4069 1180 4132 haec
1208 4069 1388 4150 srcqneenta
1410 4071 1448 4132 cte
1470 4069 1612 4132 caawbio
1633 4090 1692 4133 sao
1714 4068 1866 4149 reserant.

208 4175 361 4238 Attanrcn
382 4174 458 4237 hacc
480 4176 660 4237 coniectura
681 4171 768 4253 salsa
789 4178 852 4250 cst;
880 4174 975 4237 immo
997 4172 1221 4254 necroleyinm,
1245 4195 1284 4236 ca
1305 4193 1367 4252 qao
1388 4172 1471 4236 iliaci
1491 4172 1605 4253 foliam
1627 4171 1734 4236 adhuc
1754 4178 1867 4249 eastat,

208 4281 244 4343 in
267 4281 454 4344 monasteria
468 4277 686 4343 Bhraburensi
705 4279 859 4359 scriptam
881 4300 946 4342 cssc
967 4284 1060 4342 notae
1082 4279 1152 4340 eins
1174 4299 1246 4340 carn
1266 4277 1420 4356 exemptis
1438 4276 1589 4359 Tabinyii
1603 4277 1688 4359 (aran
1704 4276 1869 4354 167-69)

207 4383 338 4448 collatae
371 4385 595 4446 dcrnonstrant.
654 4382 695 4447 Ut
729 4382 812 4446 hanc
842 4384 1030 4446 sententiam
1060 4383 1253 4461 cohibentem,
1288 4387 1382 4444 notas
1409 4379 1581 4444 nonnullam
1611 4401 1682 4443 cnm
1713 4380 1868 4460 excerptis

212 4487 363 4568 Tabincii
384 4487 436 4550 hic
458 4507 622 4567 coneraio:
1715 4505 1716 4508 ’

453 4606 765 4671 FRAGMENTA.
1208 4603 1463 4670 EXCERPTA
1489 4603 1718 4696 TUBINGII.

207 4729 273 4806 (24.
289 4728 389 4810 Arce.)
420 4727 625 4792 Diedeccinas
654 4726 691 4790 n.
707 4749 733 4790 c.
753 4747 811 4801 m.‚
845 4725 897 4789 hic
925 4725 1011 4788 cath
1063 4723 1253 4790 Dicdwinns
1279 4749 1310 4790 n.
1325 4749 1350 4790 c.
1367 4748 1408 4790 m.
1436 4725 1588 4790 athaliam
1616 4727 1652 4789 in
1681 4724 1867 4791 Watthnscn

249 4829 401 4896 allodium
422 4833 459 4895 in
481 4831 676 4896 Watthasen.
931 4887 932 4890 ,
1105 4830 1225 4894 obtulit.

205 4941 251 5018 (6.
268 4935 366 5017 Sept.)
388 4935 539 4999 Adclhait
562 4935 597 5011 l⁰‚
625 4935 680 5006 hec
706 4934 793 4997 ceca
815 4937 858 4999 12
880 4934 1007 5002 talenta.
1062 4934 1251 4998 Adathaidis
1274 4933 1300 4996 t⁰
1324 4937 1365 4998 12
1380 4943 1413 4996 a
1435 4933 1639 4997 emetrndictit.

205 5041 271 5122 (13.
288 5041 387 5123 Seri.)
416 5038 570 5104 Uorteihilt
592 5049 683 5116 com⁰‚
706 5039 760 5103 hec
782 5039 868 5102 dedit
886 5039 1009 5102 dorsete
1068 5037 1243 5102 Udelhildis
1263 5049 1345 5102 corn‘*
1368 5037 1491 5100 dnsalc
1513 5037 1665 5116 optimum
1688 5038 1808 5101 tribuit.

205 5149 643 5329 (fflhihzibmhterharaust.
659 5246 716 5326 qui
728 5245 1008 5310 dehitnontszoa
1061 5244 1274 5308 Eberhardns
1296 5244 1315 5308 i.
1340 5247 1382 5306 10
1398 5253 1430 5306 ot
1452 5242 1593 5306 contulit.

311 5369 468 5449 Quoniam
496 5368 599 5429 scrius
626 5365 702 5430 haec
729 5367 908 5449 [coaeterna
936 5391 952 5431 e
980 5367 1152 5448 inccreloyio
1180 5365 1414 5442 Bheaharensi,
1447 5365 1532 5445 qnoct
1561 5364 1737 5445 Tnhinqins
1769 5367 1864 5430 etiam

205 5474 361 5553 iatronem
382 5472 476 5547 cidit,
499 5470 567 5535 solo
589 5492 750 5551 superesse
770 5473 977 5555 coyneverinc,
1001 5472 1057 5534 hoc
1080 5470 1144 5534 Ioco
1165 5469 1245 5533 mihi
1267 5470 1431 5551 referendo
1452 5469 1594 5549 frement.
1641 5468 1745 5532 Notas
1765 5491 1865 5534 mann

198 5577 310 5658 prima
329 5576 484 5654 inscripta
500 5574 601 5637 literis
615 5575 798 5652 maioribus,
822 5575 922 5640 latices
936 5575 1108 5655 dispositis,
1131 5575 1387 5637 concinnationes
1400 5571 1598 5636 saeculorum
1617 5571 1698 5635 XII.
1715 5577 1744 5635 et
1759 5573 1863 5638 XIII.

204 5680 306 5743 literis
328 5678 502 5743 maioribus
524 5677 668 5756 chetaei,
691 5685 785 5744 natac
802 5684 913 5760 postea
934 5678 1064 5742 additae
1087 5677 1137 5739 hic
1159 5675 1264 5740 rehrta
1286 5677 1401 5758 dronae
1422 5696 1486 5740 non
1507 5680 1592 5738 sant.

1597 5786 1651 5840 83*
