<?xml version="1.0" encoding="UTF-8"?>
<!DOCTYPE html PUBLIC "-//W3C//DTD XHTML 1.0 Transitional//EN"
    "http://www.w3.org/TR/xhtml1/DTD/xhtml1-transitional.dtd">
<html xmlns="http://www.w3.org/1999/xhtml" xml:lang="en" lang="en">
 <head>
  <title>
</title>
<meta http-equiv="Content-Type" content="text/html;charset=utf-8" />
  <meta name='ocr-system' content='tesseract 3.04.00' />
  <meta name='ocr-capabilities' content='ocr_page ocr_carea ocr_par ocr_line ocrx_word'/>
</head>
<body>
  <div class='ocr_page' id='page_1' title='image "./monumentagerman04mittgoog_0225.png"; bbox 0 0 4296 6434; ppageno 0'>
   <div class='ocr_carea' id='block_1_1' title="bbox 860 388 1576 451">
    <p class='ocr_par' dir='ltr' id='par_1_1' title="bbox 860 388 1576 451">
     <span class='ocr_line' id='line_1_1' title="bbox 860 388 1576 451; baseline -0.001 0"><span class='ocrx_word' id='word_1_1' title='bbox 860 393 1089 451; x_wconf 74' lang='lat' dir='ltr'>FRAGMENTA</span> <span class='ocrx_word' id='word_1_2' title='bbox 1107 391 1328 451; x_wconf 75' lang='lat' dir='ltr'>Nacaotoan</span> <span class='ocrx_word' id='word_1_3' title='bbox 1346 388 1576 450; x_wconf 76' lang='lat' dir='ltr'>S&#39;I‘D&#39;IVDNSIS.</span> 
     </span>
    </p>
   </div>
   <div class='ocr_carea' id='block_1_2' title="bbox 493 567 2038 2378">
    <p class='ocr_par' dir='ltr' id='par_1_2' title="bbox 497 567 2033 728">
     <span class='ocr_line' id='line_1_2' title="bbox 497 567 2033 643; baseline 0.003 -17"><span class='ocrx_word' id='word_1_4' title='bbox 497 572 538 626; x_wconf 89' lang='grc'>13.</span> <span class='ocrx_word' id='word_1_5' title='bbox 565 571 709 627; x_wconf 74' lang='lat' dir='ltr'>cunradus</span> <span class='ocrx_word' id='word_1_6' title='bbox 726 571 762 626; x_wconf 88' lang='lat' dir='ltr'>de</span> <span class='ocrx_word' id='word_1_7' title='bbox 773 572 959 638; x_wconf 87' lang='lat' dir='ltr'>chehusen,</span> <span class='ocrx_word' id='word_1_8' title='bbox 977 571 1085 643; x_wconf 77' lang='lat' dir='ltr'><strong>prefuit</strong></span> <span class='ocrx_word' id='word_1_9' title='bbox 1102 574 1132 626; x_wconf 86' lang='lat' dir='ltr'>et</span> <span class='ocrx_word' id='word_1_10' title='bbox 1144 570 1252 641; x_wconf 78' lang='lat' dir='ltr'><strong>profuit</strong></span> <span class='ocrx_word' id='word_1_11' title='bbox 1263 570 1344 624; x_wconf 85' lang='lat' dir='ltr'>anuis</span> <span class='ocrx_word' id='word_1_12' title='bbox 1357 569 1393 625; x_wconf 82' lang='grc'>25</span> <span class='ocrx_word' id='word_1_13' title='bbox 1405 568 1575 638; x_wconf 83' lang='lat' dir='ltr'>etamplius,</span> <span class='ocrx_word' id='word_1_14' title='bbox 1593 567 1637 624; x_wconf 91' lang='lat' dir='ltr'>ob.</span> <span class='ocrx_word' id='word_1_15' title='bbox 1649 585 1724 625; x_wconf 87' lang='lat' dir='ltr'>anuo</span> <span class='ocrx_word' id='word_1_16' title='bbox 1737 569 1806 626; x_wconf 85' lang='grc'><strong>1275</strong></span> <span class='ocrx_word' id='word_1_17' title='bbox 1817 572 1847 626; x_wconf 92' lang='lat' dir='ltr'>in</span> <span class='ocrx_word' id='word_1_18' title='bbox 1859 571 1906 628; x_wconf 85' lang='lat' dir='ltr'>die</span> <span class='ocrx_word' id='word_1_19' title='bbox 1919 572 2033 640; x_wconf 78' lang='lat' dir='ltr'>Martini,</span> 
     </span>
     <span class='ocr_line' id='line_1_3' title="bbox 563 656 1890 728; baseline -0.003 -16"><span class='ocrx_word' id='word_1_20' title='bbox 563 659 717 714; x_wconf 78' lang='lat' dir='ltr'>indictione</span> <span class='ocrx_word' id='word_1_21' title='bbox 735 659 782 714; x_wconf 90' lang='lat' dir='ltr'>IV.</span> <span class='ocrx_word' id='word_1_22' title='bbox 814 659 906 714; x_wconf 84' lang='lat' dir='ltr'>Multa</span> <span class='ocrx_word' id='word_1_23' title='bbox 923 660 974 714; x_wconf 87' lang='lat' dir='ltr'>sub</span> <span class='ocrx_word' id='word_1_24' title='bbox 993 676 1026 714; x_wconf 91' lang='lat' dir='ltr'>eo</span> <span class='ocrx_word' id='word_1_25' title='bbox 1043 659 1118 713; x_wconf 88' lang='lat' dir='ltr'>bona</span> <span class='ocrx_word' id='word_1_26' title='bbox 1135 658 1315 728; x_wconf 88' lang='lat' dir='ltr'>contigerunt</span> <span class='ocrx_word' id='word_1_27' title='bbox 1333 656 1454 711; x_wconf 77' lang='lat' dir='ltr'>ecclesie.</span> <span class='ocrx_word' id='word_1_28' title='bbox 1888 659 1890 666; x_wconf 84' lang='grc'><strong>“</strong></span> 
     </span>
    </p>

    <p class='ocr_par' dir='ltr' id='par_1_3' title="bbox 497 743 2032 902">
     <span class='ocr_line' id='line_1_4' title="bbox 497 743 2032 818; baseline 0.002 -19"><span class='ocrx_word' id='word_1_29' title='bbox 497 746 537 800; x_wconf 95' lang='grc'>14.</span> <span class='ocrx_word' id='word_1_30' title='bbox 564 745 712 800; x_wconf 86' lang='lat' dir='ltr'>Hainricus</span> <span class='ocrx_word' id='word_1_31' title='bbox 736 746 771 800; x_wconf 91' lang='lat' dir='ltr'>de</span> <span class='ocrx_word' id='word_1_32' title='bbox 788 746 969 817; x_wconf 83' lang='lat' dir='ltr'>Halphingen</span> <span class='ocrx_word' id='word_1_33' title='bbox 992 763 1079 816; x_wconf 88' lang='lat' dir='ltr'>nepos</span> <span class='ocrx_word' id='word_1_34' title='bbox 1102 745 1222 816; x_wconf 83' lang='lat' dir='ltr'>predicti</span> <span class='ocrx_word' id='word_1_35' title='bbox 1240 744 1363 800; x_wconf 81' lang='lat' dir='ltr'>cunradi</span> <span class='ocrx_word' id='word_1_36' title='bbox 1387 761 1420 799; x_wconf 88' lang='lat' dir='ltr'>ex</span> <span class='ocrx_word' id='word_1_37' title='bbox 1443 744 1529 798; x_wconf 82' lang='lat' dir='ltr'>fratre</span> <span class='ocrx_word' id='word_1_38' title='bbox 1552 743 1823 801; x_wconf 77' lang='grc'><strong>11).111101297111</strong></span> <span class='ocrx_word' id='word_1_39' title='bbox 1842 746 1888 815; x_wconf 79' lang='lat' dir='ltr'>die</span> <span class='ocrx_word' id='word_1_40' title='bbox 1907 747 2032 818; x_wconf 81' lang='lat' dir='ltr'>Stephani</span> 
     </span>
     <span class='ocr_line' id='line_1_5' title="bbox 563 831 1701 902; baseline -0.002 -14"><span class='ocrx_word' id='word_1_41' title='bbox 563 850 636 902; x_wconf 86' lang='lat' dir='ltr'>pape</span> <span class='ocrx_word' id='word_1_42' title='bbox 654 836 684 888; x_wconf 88' lang='lat' dir='ltr'>et</span> <span class='ocrx_word' id='word_1_43' title='bbox 700 833 840 902; x_wconf 81' lang='lat' dir='ltr'>nrartyris,</span> <span class='ocrx_word' id='word_1_44' title='bbox 859 834 963 888; x_wconf 86' lang='lat' dir='ltr'>electus</span> <span class='ocrx_word' id='word_1_45' title='bbox 982 833 1075 888; x_wconf 84' lang='lat' dir='ltr'>Inerat</span> <span class='ocrx_word' id='word_1_46' title='bbox 1092 833 1121 887; x_wconf 90' lang='lat' dir='ltr'>in</span> <span class='ocrx_word' id='word_1_47' title='bbox 1139 833 1239 902; x_wconf 85' lang='lat' dir='ltr'>vigilia</span> <span class='ocrx_word' id='word_1_48' title='bbox 1257 832 1368 886; x_wconf 81' lang='lat' dir='ltr'>Andree</span> <span class='ocrx_word' id='word_1_49' title='bbox 1385 834 1415 885; x_wconf 88' lang='lat' dir='ltr'>et</span> <span class='ocrx_word' id='word_1_50' title='bbox 1432 831 1504 885; x_wconf 89' lang='lat' dir='ltr'>bene</span> <span class='ocrx_word' id='word_1_51' title='bbox 1522 847 1552 885; x_wconf 90' lang='lat' dir='ltr'>se</span> <span class='ocrx_word' id='word_1_52' title='bbox 1569 835 1701 900; x_wconf 75' lang='lat' dir='ltr'>gesserat.</span> 
     </span>
    </p>

    <p class='ocr_par' dir='ltr' id='par_1_4' title="bbox 496 917 2032 1150">
     <span class='ocr_line' id='line_1_6' title="bbox 496 917 2032 991; baseline 0.003 -20"><span class='ocrx_word' id='word_1_53' title='bbox 496 920 535 972; x_wconf 82' lang='grc'>15.</span> <span class='ocrx_word' id='word_1_54' title='bbox 562 920 732 974; x_wconf 86' lang='lat' dir='ltr'>Wemherus</span> <span class='ocrx_word' id='word_1_55' title='bbox 744 920 779 974; x_wconf 89' lang='lat' dir='ltr'>de</span> <span class='ocrx_word' id='word_1_56' title='bbox 791 921 961 991; x_wconf 89' lang='lat' dir='ltr'>Bernhusen,</span> <span class='ocrx_word' id='word_1_57' title='bbox 980 921 1085 975; x_wconf 86' lang='lat' dir='ltr'>electus</span> <span class='ocrx_word' id='word_1_58' title='bbox 1103 921 1256 975; x_wconf 78' lang='grc'><strong>1111101291</strong></span> <span class='ocrx_word' id='word_1_59' title='bbox 1274 919 1305 973; x_wconf 91' lang='lat' dir='ltr'>in</span> <span class='ocrx_word' id='word_1_60' title='bbox 1323 919 1369 972; x_wconf 91' lang='lat' dir='ltr'>die</span> <span class='ocrx_word' id='word_1_61' title='bbox 1387 918 1497 981; x_wconf 89' lang='lat' dir='ltr'>Briccii,</span> <span class='ocrx_word' id='word_1_62' title='bbox 1514 917 1570 971; x_wconf 83' lang='lat' dir='ltr'>fuit</span> <span class='ocrx_word' id='word_1_63' title='bbox 1587 918 1660 972; x_wconf 83' lang='lat' dir='ltr'>filius</span> <span class='ocrx_word' id='word_1_64' title='bbox 1677 917 1771 972; x_wconf 79' lang='lat' dir='ltr'>fratris</span> <span class='ocrx_word' id='word_1_65' title='bbox 1789 920 1908 990; x_wconf 80' lang='lat' dir='ltr'>predicti</span> <span class='ocrx_word' id='word_1_66' title='bbox 1919 923 2032 976; x_wconf 83' lang='lat' dir='ltr'>Cuuradi</span> 
     </span>
     <span class='ocr_line' id='line_1_7' title="bbox 563 1003 2032 1076; baseline 0.002 -16"><span class='ocrx_word' id='word_1_67' title='bbox 563 1009 641 1075; x_wconf 81' lang='lat' dir='ltr'>pposi</span> <span class='ocrx_word' id='word_1_68' title='bbox 663 1006 698 1061; x_wconf 87' lang='lat' dir='ltr'>de</span> <span class='ocrx_word' id='word_1_69' title='bbox 716 1008 892 1072; x_wconf 89' lang='lat' dir='ltr'>Bernhusen,</span> <span class='ocrx_word' id='word_1_70' title='bbox 916 1009 960 1063; x_wconf 92' lang='lat' dir='ltr'>ob.</span> <span class='ocrx_word' id='word_1_71' title='bbox 983 1025 1058 1061; x_wconf 90' lang='lat' dir='ltr'>auno</span> <span class='ocrx_word' id='word_1_72' title='bbox 1084 1007 1152 1062; x_wconf 88' lang='grc'><strong>1332</strong></span> <span class='ocrx_word' id='word_1_73' title='bbox 1175 1005 1266 1076; x_wconf 85' lang='lat' dir='ltr'>pridie</span> <span class='ocrx_word' id='word_1_74' title='bbox 1288 1006 1344 1059; x_wconf 86' lang='lat' dir='ltr'>Iral.</span> <span class='ocrx_word' id='word_1_75' title='bbox 1363 1005 1439 1075; x_wconf 89' lang='lat' dir='ltr'>Sept.</span> <span class='ocrx_word' id='word_1_76' title='bbox 1462 1007 1492 1058; x_wconf 91' lang='lat' dir='ltr'>et</span> <span class='ocrx_word' id='word_1_77' title='bbox 1509 1003 1659 1059; x_wconf 86' lang='lat' dir='ltr'>honorifice</span> <span class='ocrx_word' id='word_1_78' title='bbox 1681 1005 1807 1075; x_wconf 90' lang='lat' dir='ltr'>sepultus</span> <span class='ocrx_word' id='word_1_79' title='bbox 1826 1010 1870 1060; x_wconf 89' lang='lat' dir='ltr'>est</span> <span class='ocrx_word' id='word_1_80' title='bbox 1886 1009 1916 1062; x_wconf 88' lang='lat' dir='ltr'>in</span> <span class='ocrx_word' id='word_1_81' title='bbox 1934 1009 2032 1063; x_wconf 76' lang='lat' dir='ltr'>ambitu</span> 
     </span>
     <span class='ocr_line' id='line_1_8' title="bbox 563 1093 1584 1150; baseline 0.01 -4"><span class='ocrx_word' id='word_1_82' title='bbox 563 1093 647 1147; x_wconf 89' lang='lat' dir='ltr'>huius</span> <span class='ocrx_word' id='word_1_83' title='bbox 665 1093 805 1150; x_wconf 83' lang='lat' dir='ltr'>ecclesiae.</span> <span class='ocrx_word' id='word_1_84' title='bbox 1576 1095 1584 1112; x_wconf 88' lang='lat'>&#39;</span> 
     </span>
    </p>

    <p class='ocr_par' dir='ltr' id='par_1_5' title="bbox 496 1179 2034 1323">
     <span class='ocr_line' id='line_1_9' title="bbox 496 1179 2034 1251; baseline 0.002 -17"><span class='ocrx_word' id='word_1_85' title='bbox 496 1181 536 1234; x_wconf 90' lang='grc'>16.</span> <span class='ocrx_word' id='word_1_86' title='bbox 563 1180 698 1236; x_wconf 86' lang='lat' dir='ltr'>Dominus</span> <span class='ocrx_word' id='word_1_87' title='bbox 724 1182 834 1236; x_wconf 79' lang='lat' dir='ltr'>Utricus</span> <span class='ocrx_word' id='word_1_88' title='bbox 861 1181 896 1235; x_wconf 89' lang='lat' dir='ltr'>de</span> <span class='ocrx_word' id='word_1_89' title='bbox 917 1180 1099 1251; x_wconf 89' lang='lat' dir='ltr'>Wirtenberg</span> <span class='ocrx_word' id='word_1_90' title='bbox 1124 1180 1221 1235; x_wconf 88' lang='lat' dir='ltr'>statim</span> <span class='ocrx_word' id='word_1_91' title='bbox 1244 1180 1373 1249; x_wconf 79' lang='lat' dir='ltr'>sequenti</span> <span class='ocrx_word' id='word_1_92' title='bbox 1400 1179 1446 1233; x_wconf 89' lang='lat' dir='ltr'>die</span> <span class='ocrx_word' id='word_1_93' title='bbox 1469 1179 1642 1235; x_wconf 77' lang='lat' dir='ltr'>concordIter</span> <span class='ocrx_word' id='word_1_94' title='bbox 1663 1180 1781 1246; x_wconf 88' lang='lat' dir='ltr'>electus,</span> <span class='ocrx_word' id='word_1_95' title='bbox 1808 1182 1853 1238; x_wconf 93' lang='lat' dir='ltr'>ob.</span> <span class='ocrx_word' id='word_1_96' title='bbox 1876 1199 1950 1237; x_wconf 87' lang='lat' dir='ltr'>auno</span> <span class='ocrx_word' id='word_1_97' title='bbox 1973 1185 2034 1238; x_wconf 74' lang='lat'>1348</span> 
     </span>
     <span class='ocr_line' id='line_1_10' title="bbox 563 1267 797 1323; baseline 0.009 -3"><span class='ocrx_word' id='word_1_98' title='bbox 563 1267 615 1321; x_wconf 87' lang='lat' dir='ltr'>VH</span> <span class='ocrx_word' id='word_1_99' title='bbox 633 1267 672 1322; x_wconf 89' lang='lat' dir='ltr'>id.</span> <span class='ocrx_word' id='word_1_100' title='bbox 690 1267 797 1323; x_wconf 84' lang='lat' dir='ltr'>Marcii.</span> 
     </span>
    </p>

    <p class='ocr_par' dir='ltr' id='par_1_6' title="bbox 495 1353 1953 1424">
     <span class='ocr_line' id='line_1_11' title="bbox 495 1353 1953 1424; baseline 0.002 -16"><span class='ocrx_word' id='word_1_101' title='bbox 495 1354 536 1408; x_wconf 91' lang='grc'>17.</span> <span class='ocrx_word' id='word_1_102' title='bbox 563 1354 674 1409; x_wconf 88' lang='lat' dir='ltr'>Ulricus</span> <span class='ocrx_word' id='word_1_103' title='bbox 692 1355 727 1408; x_wconf 88' lang='lat' dir='ltr'>de</span> <span class='ocrx_word' id='word_1_104' title='bbox 745 1354 904 1424; x_wconf 84' lang='lat' dir='ltr'>Giltliugen</span> <span class='ocrx_word' id='word_1_105' title='bbox 922 1353 996 1407; x_wconf 87' lang='lat' dir='ltr'>rexit</span> <span class='ocrx_word' id='word_1_106' title='bbox 1014 1353 1159 1408; x_wconf 87' lang='lat' dir='ltr'>ecclesiam</span> <span class='ocrx_word' id='word_1_107' title='bbox 1176 1354 1211 1407; x_wconf 80' lang='lat'>48</span> <span class='ocrx_word' id='word_1_108' title='bbox 1230 1370 1326 1418; x_wconf 84' lang='lat' dir='ltr'>anuos,</span> <span class='ocrx_word' id='word_1_109' title='bbox 1344 1353 1388 1408; x_wconf 93' lang='lat' dir='ltr'>ob.</span> <span class='ocrx_word' id='word_1_110' title='bbox 1406 1370 1481 1408; x_wconf 82' lang='lat' dir='ltr'>auno</span> <span class='ocrx_word' id='word_1_111' title='bbox 1500 1353 1567 1407; x_wconf 91' lang='grc'><strong>1396</strong></span> <span class='ocrx_word' id='word_1_112' title='bbox 1584 1353 1669 1407; x_wconf 85' lang='lat' dir='ltr'>tertia</span> <span class='ocrx_word' id='word_1_113' title='bbox 1687 1353 1733 1408; x_wconf 84' lang='lat' dir='ltr'>die</span> <span class='ocrx_word' id='word_1_114' title='bbox 1750 1356 1853 1410; x_wconf 88' lang='lat' dir='ltr'>mensis</span> <span class='ocrx_word' id='word_1_115' title='bbox 1871 1357 1953 1412; x_wconf 91' lang='lat' dir='ltr'>Iunii.</span> 
     </span>
    </p>

    <p class='ocr_par' dir='ltr' id='par_1_7' title="bbox 495 1439 925 1510">
     <span class='ocr_line' id='line_1_12' title="bbox 495 1439 925 1510; baseline -0.002 -16"><span class='ocrx_word' id='word_1_116' title='bbox 495 1441 537 1494; x_wconf 82' lang='lat'>18.</span> <span class='ocrx_word' id='word_1_117' title='bbox 565 1439 675 1496; x_wconf 85' lang='lat' dir='ltr'>Ulricus</span> <span class='ocrx_word' id='word_1_118' title='bbox 693 1439 727 1494; x_wconf 88' lang='lat' dir='ltr'>de</span> <span class='ocrx_word' id='word_1_119' title='bbox 745 1439 925 1510; x_wconf 87' lang='lat' dir='ltr'>Stuggardia.</span> 
     </span>
    </p>

    <p class='ocr_par' dir='ltr' id='par_1_8' title="bbox 496 1526 2034 1600">
     <span class='ocr_line' id='line_1_13' title="bbox 496 1526 2034 1600; baseline 0.002 -19"><span class='ocrx_word' id='word_1_120' title='bbox 496 1530 536 1581; x_wconf 86' lang='grc'>19.</span> <span class='ocrx_word' id='word_1_121' title='bbox 563 1527 672 1582; x_wconf 85' lang='lat' dir='ltr'>Ulrieus</span> <span class='ocrx_word' id='word_1_122' title='bbox 685 1527 719 1582; x_wconf 91' lang='lat' dir='ltr'>de</span> <span class='ocrx_word' id='word_1_123' title='bbox 734 1527 923 1595; x_wconf 86' lang='lat' dir='ltr'>Wirtemberg</span> <span class='ocrx_word' id='word_1_124' title='bbox 941 1529 1033 1581; x_wconf 85' lang='lat' dir='ltr'>rector</span> <span class='ocrx_word' id='word_1_125' title='bbox 1050 1526 1191 1595; x_wconf 86' lang='lat' dir='ltr'>quondam</span> <span class='ocrx_word' id='word_1_126' title='bbox 1210 1527 1324 1582; x_wconf 87' lang='lat' dir='ltr'>ecclesie</span> <span class='ocrx_word' id='word_1_127' title='bbox 1340 1527 1369 1580; x_wconf 89' lang='lat' dir='ltr'>in</span> <span class='ocrx_word' id='word_1_128' title='bbox 1382 1527 1552 1596; x_wconf 82' lang='lat' dir='ltr'>Meaaingeu,</span> <span class='ocrx_word' id='word_1_129' title='bbox 1569 1544 1587 1580; x_wconf 86' lang='lat' dir='ltr'>a</span> <span class='ocrx_word' id='word_1_130' title='bbox 1599 1543 1656 1596; x_wconf 88' lang='lat' dir='ltr'>qna</span> <span class='ocrx_word' id='word_1_131' title='bbox 1667 1527 1868 1584; x_wconf 78' lang='lat' dir='ltr'>nominabatur</span> <span class='ocrx_word' id='word_1_132' title='bbox 1879 1531 2034 1600; x_wconf 73' lang='lat' dir='ltr'>Meninger.</span> 
     </span>
    </p>

    <p class='ocr_par' dir='ltr' id='par_1_9' title="bbox 493 1612 2034 1757">
     <span class='ocr_line' id='line_1_14' title="bbox 493 1612 2034 1684; baseline 0.003 -16"><span class='ocrx_word' id='word_1_133' title='bbox 493 1616 536 1668; x_wconf 88' lang='grc'>20.</span> <span class='ocrx_word' id='word_1_134' title='bbox 563 1615 699 1683; x_wconf 75' lang='lat' dir='ltr'>Magister</span> <span class='ocrx_word' id='word_1_135' title='bbox 717 1614 854 1668; x_wconf 85' lang='lat' dir='ltr'>Iohannes</span> <span class='ocrx_word' id='word_1_136' title='bbox 878 1612 913 1666; x_wconf 91' lang='lat' dir='ltr'>de</span> <span class='ocrx_word' id='word_1_137' title='bbox 932 1613 1068 1678; x_wconf 83' lang='lat' dir='ltr'>Botebar,</span> <span class='ocrx_word' id='word_1_138' title='bbox 1091 1631 1168 1668; x_wconf 85' lang='lat' dir='ltr'>sacre</span> <span class='ocrx_word' id='word_1_139' title='bbox 1190 1615 1294 1684; x_wconf 85' lang='lat' dir='ltr'>pagine</span> <span class='ocrx_word' id='word_1_140' title='bbox 1316 1613 1454 1684; x_wconf 81' lang='lat' dir='ltr'>professor</span> <span class='ocrx_word' id='word_1_141' title='bbox 1475 1614 1561 1668; x_wconf 88' lang='lat' dir='ltr'>studii</span> <span class='ocrx_word' id='word_1_142' title='bbox 1581 1614 1756 1680; x_wconf 85' lang='lat' dir='ltr'>Parisiensis,</span> <span class='ocrx_word' id='word_1_143' title='bbox 1781 1616 1823 1670; x_wconf 93' lang='lat' dir='ltr'>ob.</span> <span class='ocrx_word' id='word_1_144' title='bbox 1848 1619 1881 1670; x_wconf 89' lang='grc'>16</span> <span class='ocrx_word' id='word_1_145' title='bbox 1902 1617 1949 1671; x_wconf 91' lang='lat' dir='ltr'>die</span> <span class='ocrx_word' id='word_1_146' title='bbox 1971 1619 2034 1672; x_wconf 81' lang='lat' dir='ltr'>Nos.</span> 
     </span>
     <span class='ocr_line' id='line_1_15' title="bbox 561 1702 730 1757; baseline 0.006 -3"><span class='ocrx_word' id='word_1_147' title='bbox 561 1718 635 1756; x_wconf 86' lang='lat' dir='ltr'>anno</span> <span class='ocrx_word' id='word_1_148' title='bbox 654 1702 730 1757; x_wconf 92' lang='grc'><strong>1433.</strong></span> 
     </span>
    </p>

    <p class='ocr_par' dir='ltr' id='par_1_10' title="bbox 493 1787 2038 2204">
     <span class='ocr_line' id='line_1_16' title="bbox 493 1787 2038 1859; baseline 0.003 -17"><span class='ocrx_word' id='word_1_149' title='bbox 493 1789 535 1844; x_wconf 91' lang='grc'>21.</span> <span class='ocrx_word' id='word_1_150' title='bbox 562 1788 698 1859; x_wconf 78' lang='lat' dir='ltr'>Magister</span> <span class='ocrx_word' id='word_1_151' title='bbox 709 1787 858 1842; x_wconf 85' lang='lat' dir='ltr'>Heinricus</span> <span class='ocrx_word' id='word_1_152' title='bbox 870 1787 974 1858; x_wconf 83' lang='lat' dir='ltr'>Tegea,</span> <span class='ocrx_word' id='word_1_153' title='bbox 992 1787 1166 1843; x_wconf 91' lang='lat' dir='ltr'>decretorum</span> <span class='ocrx_word' id='word_1_154' title='bbox 1179 1788 1277 1842; x_wconf 89' lang='lat' dir='ltr'>doctor</span> <span class='ocrx_word' id='word_1_155' title='bbox 1293 1787 1379 1842; x_wconf 82' lang='lat' dir='ltr'>studii</span> <span class='ocrx_word' id='word_1_156' title='bbox 1394 1787 1584 1852; x_wconf 84' lang='lat' dir='ltr'>Bononiensis,</span> <span class='ocrx_word' id='word_1_157' title='bbox 1603 1789 1706 1843; x_wconf 88' lang='lat' dir='ltr'>electus</span> <span class='ocrx_word' id='word_1_158' title='bbox 1725 1790 1907 1844; x_wconf 83' lang='lat' dir='ltr'>concordibus</span> <span class='ocrx_word' id='word_1_159' title='bbox 1920 1793 2038 1848; x_wconf 85' lang='lat' dir='ltr'>omnium</span> 
     </span>
     <span class='ocr_line' id='line_1_17' title="bbox 563 1872 2035 1946; baseline 0.003 -18"><span class='ocrx_word' id='word_1_160' title='bbox 563 1874 703 1945; x_wconf 84' lang='lat' dir='ltr'>suffragiis</span> <span class='ocrx_word' id='word_1_161' title='bbox 715 1875 741 1928; x_wconf 86' lang='lat'>3.</span> <span class='ocrx_word' id='word_1_162' title='bbox 754 1873 800 1927; x_wconf 88' lang='lat' dir='ltr'>die</span> <span class='ocrx_word' id='word_1_163' title='bbox 812 1873 980 1943; x_wconf 86' lang='lat' dir='ltr'>Decembris,</span> <span class='ocrx_word' id='word_1_164' title='bbox 999 1873 1105 1944; x_wconf 87' lang='lat' dir='ltr'>prefuit</span> <span class='ocrx_word' id='word_1_165' title='bbox 1120 1877 1150 1928; x_wconf 90' lang='lat' dir='ltr'>et</span> <span class='ocrx_word' id='word_1_166' title='bbox 1167 1873 1282 1943; x_wconf 89' lang='lat' dir='ltr'>profuit,</span> <span class='ocrx_word' id='word_1_167' title='bbox 1300 1872 1413 1927; x_wconf 89' lang='lat' dir='ltr'>domum</span> <span class='ocrx_word' id='word_1_168' title='bbox 1430 1891 1539 1940; x_wconf 85' lang='lat' dir='ltr'>novam,</span> <span class='ocrx_word' id='word_1_169' title='bbox 1556 1892 1611 1944; x_wconf 88' lang='lat' dir='ltr'>que</span> <span class='ocrx_word' id='word_1_170' title='bbox 1628 1877 1693 1946; x_wconf 86' lang='lat' dir='ltr'>post</span> <span class='ocrx_word' id='word_1_171' title='bbox 1710 1877 1887 1946; x_wconf 80' lang='lat' dir='ltr'>prepositura</span> <span class='ocrx_word' id='word_1_172' title='bbox 1898 1878 1961 1944; x_wconf 81' lang='lat' dir='ltr'>fuit,</span> <span class='ocrx_word' id='word_1_173' title='bbox 1978 1897 2035 1934; x_wconf 88' lang='lat' dir='ltr'>eon·</span> 
     </span>
     <span class='ocr_line' id='line_1_18' title="bbox 563 1959 2036 2031; baseline 0.002 -16"><span class='ocrx_word' id='word_1_174' title='bbox 563 1961 674 2026; x_wconf 82' lang='lat' dir='ltr'>struxit,</span> <span class='ocrx_word' id='word_1_175' title='bbox 692 1960 782 2015; x_wconf 88' lang='lat' dir='ltr'>altare</span> <span class='ocrx_word' id='word_1_176' title='bbox 800 1979 821 2014; x_wconf 92' lang='lat' dir='ltr'>s.</span> <span class='ocrx_word' id='word_1_177' title='bbox 834 1959 944 2014; x_wconf 78' lang='lat' dir='ltr'>Andree</span> <span class='ocrx_word' id='word_1_178' title='bbox 962 1978 1025 2014; x_wconf 91' lang='lat' dir='ltr'>cum</span> <span class='ocrx_word' id='word_1_179' title='bbox 1043 1962 1165 2015; x_wconf 82' lang='lat' dir='ltr'>fenestra</span> <span class='ocrx_word' id='word_1_180' title='bbox 1182 1960 1272 2014; x_wconf 86' lang='lat' dir='ltr'>erexit</span> <span class='ocrx_word' id='word_1_181' title='bbox 1283 1964 1419 2030; x_wconf 90' lang='lat' dir='ltr'>perpetuo</span> <span class='ocrx_word' id='word_1_182' title='bbox 1433 1961 1587 2031; x_wconf 84' lang='lat' dir='ltr'>capellano,</span> <span class='ocrx_word' id='word_1_183' title='bbox 1605 1961 1716 2016; x_wconf 84' lang='lat' dir='ltr'>dotavit</span> <span class='ocrx_word' id='word_1_184' title='bbox 1727 1979 1790 2016; x_wconf 87' lang='lat' dir='ltr'>cum</span> <span class='ocrx_word' id='word_1_185' title='bbox 1803 1962 1946 2028; x_wconf 86' lang='lat' dir='ltr'>calicibus,</span> <span class='ocrx_word' id='word_1_186' title='bbox 1963 1964 2036 2019; x_wconf 84' lang='lat' dir='ltr'>libris</span> 
     </span>
     <span class='ocr_line' id='line_1_19' title="bbox 563 2046 2036 2117; baseline 0.001 -14"><span class='ocrx_word' id='word_1_187' title='bbox 563 2052 593 2102; x_wconf 83' lang='lat' dir='ltr'>et</span> <span class='ocrx_word' id='word_1_188' title='bbox 613 2048 783 2103; x_wconf 75' lang='lat' dir='ltr'>ornamentis</span> <span class='ocrx_word' id='word_1_189' title='bbox 806 2047 863 2101; x_wconf 88' lang='lat' dir='ltr'>suis</span> <span class='ocrx_word' id='word_1_190' title='bbox 881 2047 1023 2117; x_wconf 84' lang='lat' dir='ltr'>expensis,</span> <span class='ocrx_word' id='word_1_191' title='bbox 1046 2050 1161 2101; x_wconf 83' lang='lat' dir='ltr'>cautum</span> <span class='ocrx_word' id='word_1_192' title='bbox 1179 2046 1335 2102; x_wconf 84' lang='lat' dir='ltr'>Recordare</span> <span class='ocrx_word' id='word_1_193' title='bbox 1354 2050 1418 2117; x_wconf 88' lang='lat' dir='ltr'>post</span> <span class='ocrx_word' id='word_1_194' title='bbox 1435 2047 1547 2101; x_wconf 84' lang='lat' dir='ltr'>missam</span> <span class='ocrx_word' id='word_1_195' title='bbox 1566 2047 1693 2116; x_wconf 87' lang='lat' dir='ltr'>quotidie</span> <span class='ocrx_word' id='word_1_196' title='bbox 1711 2049 1763 2102; x_wconf 86' lang='lat'>100</span> <span class='ocrx_word' id='word_1_197' title='bbox 1779 2049 1892 2103; x_wconf 85' lang='lat' dir='ltr'>florenis</span> <span class='ocrx_word' id='word_1_198' title='bbox 1909 2050 2036 2112; x_wconf 72' lang='lat' dir='ltr'>instituit,</span> 
     </span>
     <span class='ocr_line' id='line_1_20' title="bbox 562 2132 1904 2204; baseline -0.001 -15"><span class='ocrx_word' id='word_1_199' title='bbox 562 2136 644 2204; x_wconf 84' lang='lat' dir='ltr'>plura</span> <span class='ocrx_word' id='word_1_200' title='bbox 661 2133 852 2189; x_wconf 76' lang='lat' dir='ltr'>anniversaria</span> <span class='ocrx_word' id='word_1_201' title='bbox 869 2151 919 2204; x_wconf 86' lang='lat' dir='ltr'>pro</span> <span class='ocrx_word' id='word_1_202' title='bbox 938 2151 968 2188; x_wconf 89' lang='lat' dir='ltr'>se</span> <span class='ocrx_word' id='word_1_203' title='bbox 986 2137 1015 2188; x_wconf 90' lang='lat' dir='ltr'>et</span> <span class='ocrx_word' id='word_1_204' title='bbox 1033 2133 1197 2204; x_wconf 86' lang='lat' dir='ltr'>parentibus</span> <span class='ocrx_word' id='word_1_205' title='bbox 1215 2133 1272 2188; x_wconf 85' lang='lat' dir='ltr'>suis</span> <span class='ocrx_word' id='word_1_206' title='bbox 1289 2132 1439 2198; x_wconf 80' lang='lat' dir='ltr'>ordinavit,</span> <span class='ocrx_word' id='word_1_207' title='bbox 1458 2134 1501 2189; x_wconf 91' lang='lat' dir='ltr'>ob.</span> <span class='ocrx_word' id='word_1_208' title='bbox 1521 2135 1562 2188; x_wconf 87' lang='lat'>13.</span> <span class='ocrx_word' id='word_1_209' title='bbox 1582 2135 1703 2188; x_wconf 81' lang='lat' dir='ltr'>Ianuarii</span> <span class='ocrx_word' id='word_1_210' title='bbox 1722 2153 1796 2190; x_wconf 87' lang='lat' dir='ltr'>anuo</span> <span class='ocrx_word' id='word_1_211' title='bbox 1816 2137 1904 2190; x_wconf 72' lang='grc'>1457.1</span> 
     </span>
    </p>

    <p class='ocr_par' dir='ltr' id='par_1_11' title="bbox 493 2220 1387 2292">
     <span class='ocr_line' id='line_1_21' title="bbox 493 2220 1387 2292; baseline -0.001 -16"><span class='ocrx_word' id='word_1_212' title='bbox 493 2223 536 2275; x_wconf 88' lang='grc'>22.</span> <span class='ocrx_word' id='word_1_213' title='bbox 562 2223 697 2292; x_wconf 82' lang='lat' dir='ltr'>Magister</span> <span class='ocrx_word' id='word_1_214' title='bbox 714 2222 853 2276; x_wconf 85' lang='lat' dir='ltr'>Iohannes</span> <span class='ocrx_word' id='word_1_215' title='bbox 872 2221 976 2290; x_wconf 83' lang='lat' dir='ltr'>Tegea,</span> <span class='ocrx_word' id='word_1_216' title='bbox 994 2220 1117 2275; x_wconf 84' lang='lat' dir='ltr'>Heinrici</span> <span class='ocrx_word' id='word_1_217' title='bbox 1137 2237 1171 2274; x_wconf 83' lang='lat' dir='ltr'>ex</span> <span class='ocrx_word' id='word_1_218' title='bbox 1189 2221 1275 2275; x_wconf 80' lang='lat' dir='ltr'>tratre</span> <span class='ocrx_word' id='word_1_219' title='bbox 1293 2238 1387 2290; x_wconf 88' lang='lat' dir='ltr'>nepos.</span> 
     </span>
    </p>

    <p class='ocr_par' dir='ltr' id='par_1_12' title="bbox 494 2308 1402 2378">
     <span class='ocr_line' id='line_1_22' title="bbox 494 2308 1402 2378; baseline 0.001 -17"><span class='ocrx_word' id='word_1_220' title='bbox 494 2308 536 2361; x_wconf 84' lang='grc'>23.</span> <span class='ocrx_word' id='word_1_221' title='bbox 564 2308 698 2362; x_wconf 90' lang='lat' dir='ltr'>Dominus</span> <span class='ocrx_word' id='word_1_222' title='bbox 779 2308 971 2378; x_wconf 80' lang='lat' dir='ltr'>Vergenhans.</span> <span class='ocrx_word' id='word_1_223' title='bbox 1398 2336 1402 2347; x_wconf 90' lang='lat'><strong>·</strong></span> 
     </span>
    </p>
   </div>
   <div class='ocr_carea' id='block_1_3' title="bbox 510 2997 1920 3098">
    <p class='ocr_par' dir='ltr' id='par_1_13' title="bbox 509 2997 1920 3098">
     <span class='ocr_line' id='line_1_23' title="bbox 510 2997 1920 3098; baseline 0.003 -5.997"><span class='ocrx_word' id='word_1_224' title='bbox 510 2997 961 3094; x_wconf 80' lang='lat' dir='ltr'>FRAGMENTA</span> <span class='ocrx_word' id='word_1_225' title='bbox 995 2997 1440 3094; x_wconf 83' lang='lat' dir='ltr'>NDOROLOGII</span> <span class='ocrx_word' id='word_1_226' title='bbox 1481 2997 1920 3098; x_wconf 81' lang='lat' dir='ltr'>STDTTIINSIS.</span> 
     </span>
    </p>
   </div>
   <div class='ocr_carea' id='block_1_4' title="bbox 391 3224 2044 3651">
    <p class='ocr_par' dir='ltr' id='par_1_14' title="bbox 391 3224 2044 3651">
     <span class='ocr_line' id='line_1_24' title="bbox 493 3224 2043 3336; baseline 0 -18"><span class='ocrx_word' id='word_1_227' title='bbox 493 3224 686 3336; x_wconf 67' lang='lat' dir='ltr'>Necrobyii</span> <span class='ocrx_word' id='word_1_228' title='bbox 700 3255 885 3319; x_wconf 78' lang='lat' dir='ltr'>monasterii</span> <span class='ocrx_word' id='word_1_229' title='bbox 900 3253 1073 3331; x_wconf 66' lang='lat' dir='ltr'>Sabaeis,</span> <span class='ocrx_word' id='word_1_230' title='bbox 1096 3252 1154 3316; x_wconf 68' lang='lat' dir='ltr'>aab</span> <span class='ocrx_word' id='word_1_231' title='bbox 1169 3258 1273 3318; x_wconf 75' lang='lat' dir='ltr'>castro</span> <span class='ocrx_word' id='word_1_232' title='bbox 1285 3253 1513 3319; x_wconf 71' lang='lat' dir='ltr'>Hobeasollem</span> <span class='ocrx_word' id='word_1_233' title='bbox 1533 3256 1598 3332; x_wconf 76' lang='lat' dir='ltr'>siti,</span> <span class='ocrx_word' id='word_1_234' title='bbox 1620 3255 1706 3336; x_wconf 77' lang='lat' dir='ltr'>quod</span> <span class='ocrx_word' id='word_1_235' title='bbox 1719 3256 1806 3320; x_wconf 81' lang='lat' dir='ltr'>circo</span> <span class='ocrx_word' id='word_1_236' title='bbox 1821 3276 1944 3320; x_wconf 79' lang='lat' dir='ltr'>annum</span> <span class='ocrx_word' id='word_1_237' title='bbox 1961 3255 2043 3321; x_wconf 81' lang='lat'><em>1259</em></span> 
     </span>
     <span class='ocr_line' id='line_1_25' title="bbox 391 3356 2044 3440; baseline 0.001 -18"><span class='ocrx_word' id='word_1_238' title='bbox 391 3358 431 3422; x_wconf 85' lang='lat' dir='ltr'>ab</span> <span class='ocrx_word' id='word_1_239' title='bbox 460 3356 620 3424; x_wconf 79' lang='lat' dir='ltr'>Udelbildi</span> <span class='ocrx_word' id='word_1_240' title='bbox 648 3359 808 3422; x_wconf 78' lang='lat' dir='ltr'>cernitisso</span> <span class='ocrx_word' id='word_1_241' title='bbox 835 3357 873 3421; x_wconf 80' lang='lat' dir='ltr'>de</span> <span class='ocrx_word' id='word_1_242' title='bbox 900 3356 1026 3422; x_wconf 68' lang='lat' dir='ltr'>Zollera</span> <span class='ocrx_word' id='word_1_243' title='bbox 1048 3377 1110 3438; x_wconf 75' lang='lat' dir='ltr'>pro</span> <span class='ocrx_word' id='word_1_244' title='bbox 1137 3357 1329 3422; x_wconf 66' lang='lat' dir='ltr'>monialibus</span> <span class='ocrx_word' id='word_1_245' title='bbox 1356 3360 1480 3423; x_wconf 78' lang='lat' dir='ltr'>ordinis</span> <span class='ocrx_word' id='word_1_246' title='bbox 1507 3380 1532 3423; x_wconf 82' lang='lat' dir='ltr'>e.</span> <span class='ocrx_word' id='word_1_247' title='bbox 1554 3358 1717 3424; x_wconf 79' lang='lat' dir='ltr'>Dominici</span> <span class='ocrx_word' id='word_1_248' title='bbox 1743 3358 1918 3440; x_wconf 80' lang='lat' dir='ltr'>fundatam</span> <span class='ocrx_word' id='word_1_249' title='bbox 1944 3365 1975 3423; x_wconf 82' lang='lat' dir='ltr'>et</span> <span class='ocrx_word' id='word_1_250' title='bbox 2001 3361 2044 3424; x_wconf 82' lang='lat' dir='ltr'>ad</span> 
     </span>
     <span class='ocr_line' id='line_1_26' title="bbox 393 3460 2043 3545; baseline 0.003 -21"><span class='ocrx_word' id='word_1_251' title='bbox 393 3461 590 3542; x_wconf 60' lang='lat' dir='ltr'>smsburam</span> <span class='ocrx_word' id='word_1_252' title='bbox 616 3461 718 3544; x_wconf 73' lang='lat' dir='ltr'>geretis</span> <span class='ocrx_word' id='word_1_253' title='bbox 746 3460 931 3526; x_wconf 78' lang='lat' dir='ltr'>ZoIIeramze</span> <span class='ocrx_word' id='word_1_254' title='bbox 957 3462 1155 3544; x_wconf 60' lang='lat' dir='ltr'>(temperatum</span> <span class='ocrx_word' id='word_1_255' title='bbox 1193 3467 1240 3525; x_wconf 81' lang='lat' dir='ltr'>cst</span> <span class='ocrx_word' id='word_1_256' title='bbox 1271 3463 1356 3545; x_wconf 69' lang='lat' dir='ltr'>(eride</span> <span class='ocrx_word' id='word_1_257' title='bbox 1385 3463 1631 3545; x_wconf 76' lang='lat' dir='ltr'>Mittbeilunyen</span> <span class='ocrx_word' id='word_1_258' title='bbox 1659 3465 1713 3527; x_wconf 81' lang='lat' dir='ltr'>des</span> <span class='ocrx_word' id='word_1_259' title='bbox 1741 3463 1870 3528; x_wconf 78' lang='lat' dir='ltr'>Vereins</span> <span class='ocrx_word' id='word_1_260' title='bbox 1897 3463 1954 3544; x_wconf 72' lang='grc'>[11</span> <span class='ocrx_word' id='word_1_261' title='bbox 1983 3464 2043 3529; x_wconf 80' lang='lat' dir='ltr'>Ge-</span> 
     </span>
     <span class='ocr_line' id='line_1_27' title="bbox 393 3565 2044 3651; baseline 0.002 -23"><span class='ocrx_word' id='word_1_262' title='bbox 393 3565 531 3628; x_wconf 81' lang='lat' dir='ltr'>echichte</span> <span class='ocrx_word' id='word_1_263' title='bbox 552 3565 622 3630; x_wconf 78' lang='lat' dir='ltr'>aad</span> <span class='ocrx_word' id='word_1_264' title='bbox 646 3565 945 3630; x_wconf 74' lang='lat' dir='ltr'>Altertbumsbuade</span> <span class='ocrx_word' id='word_1_265' title='bbox 966 3566 1003 3629; x_wconf 82' lang='lat' dir='ltr'>ia</span> <span class='ocrx_word' id='word_1_266' title='bbox 1015 3565 1244 3630; x_wconf 69' lang='lat' dir='ltr'>Hoaaoollaa</span> <span class='ocrx_word' id='word_1_267' title='bbox 1265 3566 1340 3645; x_wconf 87' lang='lat' dir='ltr'>VII,</span> <span class='ocrx_word' id='word_1_268' title='bbox 1357 3567 1422 3651; x_wconf 85' lang='lat'>56),</span> <span class='ocrx_word' id='word_1_269' title='bbox 1445 3572 1616 3648; x_wconf 65' lang='lat' dir='ltr'>superem</span> <span class='ocrx_word' id='word_1_270' title='bbox 1637 3572 1763 3631; x_wconf 68' lang='lat' dir='ltr'>matum</span> <span class='ocrx_word' id='word_1_271' title='bbox 1785 3572 1940 3647; x_wconf 69' lang='lat' dir='ltr'>eccepto,</span> <span class='ocrx_word' id='word_1_272' title='bbox 1963 3589 2044 3650; x_wconf 72' lang='lat' dir='ltr'>qim</span> 
     </span>
    </p>
   </div>
   <div class='ocr_carea' id='block_1_5' title="bbox 390 3668 2042 3856">
    <p class='ocr_par' dir='ltr' id='par_1_15' title="bbox 390 3668 2042 3856">
     <span class='ocr_line' id='line_1_28' title="bbox 393 3668 2042 3754; baseline -0.001 -19"><span class='ocrx_word' id='word_1_273' title='bbox 393 3668 586 3746; x_wconf 80' lang='lat' dir='ltr'>Gabclkover</span> <span class='ocrx_word' id='word_1_274' title='bbox 606 3668 730 3733; x_wconf 80' lang='lat' dir='ltr'>saeculo</span> <span class='ocrx_word' id='word_1_275' title='bbox 751 3668 849 3734; x_wconf 88' lang='lat' dir='ltr'><strong><em>XVI.</em></strong></span> <span class='ocrx_word' id='word_1_276' title='bbox 872 3674 1003 3734; x_wconf 76' lang='lat' dir='ltr'>excunte</span> <span class='ocrx_word' id='word_1_277' title='bbox 1029 3671 1066 3734; x_wconf 81' lang='lat' dir='ltr'>ia</span> <span class='ocrx_word' id='word_1_278' title='bbox 1087 3669 1274 3735; x_wconf 80' lang='lat' dir='ltr'>collectanea</span> <span class='ocrx_word' id='word_1_279' title='bbox 1295 3693 1357 3735; x_wconf 73' lang='lat' dir='ltr'>aaa</span> <span class='ocrx_word' id='word_1_280' title='bbox 1375 3671 1572 3754; x_wconf 70' lang='lat' dir='ltr'>genealogica</span> <span class='ocrx_word' id='word_1_281' title='bbox 1594 3673 1661 3736; x_wconf 82' lang='lat' dir='ltr'>iam</span> <span class='ocrx_word' id='word_1_282' title='bbox 1683 3693 1774 3751; x_wconf 68' lang='lat' dir='ltr'>seqre</span> <span class='ocrx_word' id='word_1_283' title='bbox 1796 3677 2042 3748; x_wconf 63' lang='lat' dir='ltr'>commentorum,</span> 
     </span>
     <span class='ocr_line' id='line_1_29' title="bbox 390 3771 1446 3856; baseline 0.002 -20"><span class='ocrx_word' id='word_1_284' title='bbox 390 3792 479 3836; x_wconf 75' lang='lat' dir='ltr'>arene</span> <span class='ocrx_word' id='word_1_285' title='bbox 501 3773 537 3836; x_wconf 83' lang='lat' dir='ltr'>ia</span> <span class='ocrx_word' id='word_1_286' title='bbox 559 3771 718 3836; x_wconf 76' lang='lat' dir='ltr'>tabulario</span> <span class='ocrx_word' id='word_1_287' title='bbox 738 3774 822 3855; x_wconf 68' lang='lat' dir='ltr'>regio</span> <span class='ocrx_word' id='word_1_288' title='bbox 844 3772 1088 3854; x_wconf 66' lang='lat' dir='ltr'>Stampardioao</span> <span class='ocrx_word' id='word_1_289' title='bbox 1110 3781 1300 3852; x_wconf 68' lang='lat' dir='ltr'>caesenate,</span> <span class='ocrx_word' id='word_1_290' title='bbox 1322 3777 1446 3856; x_wconf 77' lang='lat' dir='ltr'>recepit.</span> 
     </span>
    </p>
   </div>
   <div class='ocr_carea' id='block_1_6' title="bbox 1078 4074 1355 4150">
    <p class='ocr_par' dir='ltr' id='par_1_16' title="bbox 1078 4074 1355 4150">
     <span class='ocr_line' id='line_1_30' title="bbox 1078 4074 1355 4150; baseline 0.011 -3"><span class='ocrx_word' id='word_1_291' title='bbox 1078 4074 1355 4150; x_wconf 82' lang='lat' dir='ltr'>IANUARIUS.</span> 
     </span>
    </p>
   </div>
   <div class='ocr_carea' id='block_1_7' title="bbox 390 4221 1614 4468">
    <p class='ocr_par' dir='ltr' id='par_1_17' title="bbox 390 4221 1614 4468">
     <span class='ocr_line' id='line_1_31' title="bbox 392 4221 1614 4286; baseline 0.001 -9"><span class='ocrx_word' id='word_1_292' title='bbox 392 4223 432 4277; x_wconf 81' lang='lat'>15.</span> <span class='ocrx_word' id='word_1_293' title='bbox 448 4221 541 4278; x_wconf 83' lang='lat' dir='ltr'>XVIII</span> <span class='ocrx_word' id='word_1_294' title='bbox 558 4223 615 4277; x_wconf 80' lang='lat' dir='ltr'>kal.</span> <span class='ocrx_word' id='word_1_295' title='bbox 651 4221 709 4277; x_wconf 88' lang='lat' dir='ltr'>Sor.</span> <span class='ocrx_word' id='word_1_296' title='bbox 728 4222 867 4278; x_wconf 79' lang='lat' dir='ltr'>Adelhaid</span> <span class='ocrx_word' id='word_1_297' title='bbox 885 4236 961 4278; x_wconf 85' lang='lat' dir='ltr'>com·</span> <span class='ocrx_word' id='word_1_298' title='bbox 978 4223 1013 4278; x_wconf 88' lang='lat' dir='ltr'>de</span> <span class='ocrx_word' id='word_1_299' title='bbox 1031 4223 1102 4286; x_wconf 90' lang='lat' dir='ltr'>Zolr,</span> <span class='ocrx_word' id='word_1_300' title='bbox 1120 4223 1250 4278; x_wconf 85' lang='lat' dir='ltr'>monialis</span> <span class='ocrx_word' id='word_1_301' title='bbox 1268 4223 1307 4278; x_wconf 89' lang='lat' dir='ltr'>im</span> <span class='ocrx_word' id='word_1_302' title='bbox 1325 4224 1426 4278; x_wconf 87' lang='lat' dir='ltr'>closter</span> <span class='ocrx_word' id='word_1_303' title='bbox 1444 4242 1477 4278; x_wconf 88' lang='lat' dir='ltr'>zu</span> <span class='ocrx_word' id='word_1_304' title='bbox 1496 4223 1614 4278; x_wconf 88' lang='lat' dir='ltr'>Stetten.</span> 
     </span>
     <span class='ocr_line' id='line_1_32' title="bbox 391 4305 1242 4386; baseline 0 -22"><span class='ocrx_word' id='word_1_305' title='bbox 391 4311 432 4367; x_wconf 87' lang='lat'>19.</span> <span class='ocrx_word' id='word_1_306' title='bbox 473 4311 539 4366; x_wconf 85' lang='lat' dir='ltr'>XIV</span> <span class='ocrx_word' id='word_1_307' title='bbox 556 4311 612 4365; x_wconf 83' lang='lat' dir='ltr'>kal.</span> <span class='ocrx_word' id='word_1_308' title='bbox 650 4305 788 4365; x_wconf 80' lang='lat' dir='ltr'>Adelbaid</span> <span class='ocrx_word' id='word_1_309' title='bbox 806 4322 883 4365; x_wconf 84' lang='lat' dir='ltr'>com·</span> <span class='ocrx_word' id='word_1_310' title='bbox 900 4310 935 4366; x_wconf 92' lang='lat' dir='ltr'>de</span> <span class='ocrx_word' id='word_1_311' title='bbox 953 4310 1070 4375; x_wconf 88' lang='lat' dir='ltr'>Zollern,</span> <span class='ocrx_word' id='word_1_312' title='bbox 1089 4310 1242 4386; x_wconf 80' lang='lat' dir='ltr'>heraogin.²</span> 
     </span>
     <span class='ocr_line' id='line_1_33' title="bbox 390 4396 1458 4468; baseline 0.005 -18"><span class='ocrx_word' id='word_1_313' title='bbox 390 4396 432 4450; x_wconf 88' lang='grc'>28.</span> <span class='ocrx_word' id='word_1_314' title='bbox 514 4396 541 4450; x_wconf 96' lang='grc'>1</span> <span class='ocrx_word' id='word_1_315' title='bbox 558 4397 614 4453; x_wconf 82' lang='lat' dir='ltr'>kal.</span> <span class='ocrx_word' id='word_1_316' title='bbox 650 4398 795 4468; x_wconf 86' lang='lat' dir='ltr'>Margreht</span> <span class='ocrx_word' id='word_1_317' title='bbox 812 4406 888 4452; x_wconf 76' lang='lat' dir='ltr'>com·</span> <span class='ocrx_word' id='word_1_318' title='bbox 905 4396 941 4451; x_wconf 90' lang='lat' dir='ltr'>de</span> <span class='ocrx_word' id='word_1_319' title='bbox 959 4397 1076 4463; x_wconf 89' lang='lat' dir='ltr'>Zolleru,</span> <span class='ocrx_word' id='word_1_320' title='bbox 1095 4398 1210 4453; x_wconf 80' lang='lat' dir='ltr'>dourino</span> <span class='ocrx_word' id='word_1_321' title='bbox 1228 4397 1262 4452; x_wconf 89' lang='lat' dir='ltr'>de</span> <span class='ocrx_word' id='word_1_322' title='bbox 1280 4397 1458 4468; x_wconf 86' lang='lat' dir='ltr'>Hohenberg.</span> 
     </span>
    </p>
   </div>
   <div class='ocr_carea' id='block_1_8' title="bbox 1056 4595 1377 4671">
    <p class='ocr_par' dir='ltr' id='par_1_18' title="bbox 1056 4595 1377 4671">
     <span class='ocr_line' id='line_1_34' title="bbox 1056 4595 1377 4671; baseline 0.006 -3"><span class='ocrx_word' id='word_1_323' title='bbox 1056 4595 1377 4671; x_wconf 83' lang='lat' dir='ltr'>FEBRUARIUS.</span> 
     </span>
    </p>
   </div>
   <div class='ocr_carea' id='block_1_9' title="bbox 390 4709 1391 5214">
    <p class='ocr_par' dir='ltr' id='par_1_19' title="bbox 408 4709 1013 4781">
     <span class='ocr_line' id='line_1_35' title="bbox 408 4709 1013 4781; baseline 0.005 -19"><span class='ocrx_word' id='word_1_324' title='bbox 408 4709 432 4764; x_wconf 93' lang='lat'>1.</span> <span class='ocrx_word' id='word_1_325' title='bbox 556 4709 613 4766; x_wconf 82' lang='lat' dir='ltr'>kal.</span> <span class='ocrx_word' id='word_1_326' title='bbox 650 4709 784 4781; x_wconf 82' lang='lat' dir='ltr'>Ostertag</span> <span class='ocrx_word' id='word_1_327' title='bbox 801 4727 870 4765; x_wconf 87' lang='lat' dir='ltr'>com.</span> <span class='ocrx_word' id='word_1_328' title='bbox 889 4710 924 4765; x_wconf 92' lang='lat' dir='ltr'>de</span> <span class='ocrx_word' id='word_1_329' title='bbox 942 4711 1013 4766; x_wconf 83' lang='lat' dir='ltr'>Zolr,</span> 
     </span>
    </p>

    <p class='ocr_par' dir='ltr' id='par_1_20' title="bbox 407 4796 1038 4868">
     <span class='ocr_line' id='line_1_36' title="bbox 407 4796 1038 4868; baseline 0.003 -18"><span class='ocrx_word' id='word_1_330' title='bbox 407 4796 431 4851; x_wconf 90' lang='lat'>3.</span> <span class='ocrx_word' id='word_1_331' title='bbox 499 4796 540 4850; x_wconf 93' lang='lat' dir='ltr'>III</span> <span class='ocrx_word' id='word_1_332' title='bbox 558 4813 623 4852; x_wconf 88' lang='lat' dir='ltr'>non.</span> <span class='ocrx_word' id='word_1_333' title='bbox 650 4797 746 4867; x_wconf 82' lang='lat' dir='ltr'>Agnes</span> <span class='ocrx_word' id='word_1_334' title='bbox 763 4809 840 4851; x_wconf 83' lang='lat' dir='ltr'>eom·</span> <span class='ocrx_word' id='word_1_335' title='bbox 858 4797 1038 4868; x_wconf 72' lang='lat' dir='ltr'>deeurgow.</span> 
     </span>
    </p>

    <p class='ocr_par' dir='ltr' id='par_1_21' title="bbox 407 4882 1239 4955">
     <span class='ocr_line' id='line_1_37' title="bbox 407 4882 1239 4955; baseline 0.002 -18"><span class='ocrx_word' id='word_1_336' title='bbox 407 4883 432 4937; x_wconf 87' lang='grc'>5.</span> <span class='ocrx_word' id='word_1_337' title='bbox 555 4901 620 4940; x_wconf 92' lang='lat' dir='ltr'>non.</span> <span class='ocrx_word' id='word_1_338' title='bbox 649 4882 755 4954; x_wconf 81' lang='lat' dir='ltr'>Sophia</span> <span class='ocrx_word' id='word_1_339' title='bbox 773 4893 849 4938; x_wconf 76' lang='lat' dir='ltr'>com·</span> <span class='ocrx_word' id='word_1_340' title='bbox 866 4883 901 4938; x_wconf 90' lang='lat' dir='ltr'>de</span> <span class='ocrx_word' id='word_1_341' title='bbox 919 4883 989 4949; x_wconf 80' lang='lat' dir='ltr'>Zolr,</span> <span class='ocrx_word' id='word_1_342' title='bbox 1007 4884 1042 4939; x_wconf 89' lang='lat' dir='ltr'>de</span> <span class='ocrx_word' id='word_1_343' title='bbox 1060 4884 1239 4955; x_wconf 81' lang='lat' dir='ltr'>Schalaborg.</span> 
     </span>
    </p>

    <p class='ocr_par' dir='ltr' id='par_1_22' title="bbox 405 4968 1089 5027">
     <span class='ocr_line' id='line_1_38' title="bbox 405 4968 1089 5027; baseline 0.003 -3"><span class='ocrx_word' id='word_1_344' title='bbox 405 4970 430 5024; x_wconf 89' lang='grc'>6.</span> <span class='ocrx_word' id='word_1_345' title='bbox 473 4968 539 5024; x_wconf 87' lang='grc'><strong>1111</strong></span> <span class='ocrx_word' id='word_1_346' title='bbox 558 4969 596 5024; x_wconf 83' lang='grc'>11.</span> <span class='ocrx_word' id='word_1_347' title='bbox 648 4970 722 5024; x_wconf 83' lang='lat' dir='ltr'>Frid.</span> <span class='ocrx_word' id='word_1_348' title='bbox 740 4970 861 5026; x_wconf 86' lang='lat' dir='ltr'>scundus</span> <span class='ocrx_word' id='word_1_349' title='bbox 878 4987 947 5026; x_wconf 89' lang='lat' dir='ltr'>com.</span> <span class='ocrx_word' id='word_1_350' title='bbox 966 4970 1001 5026; x_wconf 88' lang='lat' dir='ltr'>de</span> <span class='ocrx_word' id='word_1_351' title='bbox 1019 4972 1089 5027; x_wconf 74' lang='lat' dir='ltr'>Zolr,</span> 
     </span>
    </p>

    <p class='ocr_par' dir='ltr' id='par_1_23' title="bbox 390 5055 1391 5214">
     <span class='ocr_line' id='line_1_39' title="bbox 407 5055 1391 5123; baseline 0.003 -15"><span class='ocrx_word' id='word_1_352' title='bbox 407 5055 432 5108; x_wconf 88' lang='lat'>8.</span> <span class='ocrx_word' id='word_1_353' title='bbox 503 5055 542 5110; x_wconf 93' lang='lat' dir='ltr'>VI</span> <span class='ocrx_word' id='word_1_354' title='bbox 559 5057 598 5112; x_wconf 91' lang='lat' dir='ltr'>id.</span> <span class='ocrx_word' id='word_1_355' title='bbox 651 5057 790 5112; x_wconf 84' lang='lat' dir='ltr'>Adelbsid</span> <span class='ocrx_word' id='word_1_356' title='bbox 808 5068 885 5112; x_wconf 79' lang='lat' dir='ltr'>com·</span> <span class='ocrx_word' id='word_1_357' title='bbox 905 5057 940 5112; x_wconf 90' lang='lat' dir='ltr'>de</span> <span class='ocrx_word' id='word_1_358' title='bbox 957 5057 1027 5123; x_wconf 88' lang='lat' dir='ltr'>Zolr,</span> <span class='ocrx_word' id='word_1_359' title='bbox 1044 5058 1116 5113; x_wconf 79' lang='lat' dir='ltr'>abb·</span> <span class='ocrx_word' id='word_1_360' title='bbox 1133 5058 1168 5113; x_wconf 89' lang='lat' dir='ltr'>de</span> <span class='ocrx_word' id='word_1_361' title='bbox 1187 5057 1391 5115; x_wconf 82' lang='lat' dir='ltr'>Oberstent&#39;eld.</span> 
     </span>
     <span class='ocr_line' id='line_1_40' title="bbox 390 5141 1085 5214; baseline 0.006 -20"><span class='ocrx_word' id='word_1_362' title='bbox 390 5141 431 5195; x_wconf 88' lang='grc'>17.</span> <span class='ocrx_word' id='word_1_363' title='bbox 471 5142 539 5196; x_wconf 84' lang='lat' dir='ltr'>XIII</span> <span class='ocrx_word' id='word_1_364' title='bbox 557 5143 613 5198; x_wconf 83' lang='lat' dir='ltr'>kal.</span> <span class='ocrx_word' id='word_1_365' title='bbox 650 5143 752 5199; x_wconf 85' lang='lat' dir='ltr'>Ursula</span> <span class='ocrx_word' id='word_1_366' title='bbox 769 5143 804 5198; x_wconf 88' lang='lat' dir='ltr'>de</span> <span class='ocrx_word' id='word_1_367' title='bbox 821 5143 991 5214; x_wconf 85' lang='lat' dir='ltr'>Hoheuberg</span> <span class='ocrx_word' id='word_1_368' title='bbox 1010 5144 1085 5199; x_wconf 88' lang='grc'><strong>1411.</strong></span> 
     </span>
    </p>
   </div>
   <div class='ocr_carea' id='block_1_10' title="bbox 1105 5290 1333 5365">
    <p class='ocr_par' dir='ltr' id='par_1_24' title="bbox 1105 5290 1333 5365">
     <span class='ocr_line' id='line_1_41' title="bbox 1105 5290 1333 5365; baseline -0.009 -2"><span class='ocrx_word' id='word_1_369' title='bbox 1105 5290 1333 5365; x_wconf 83' lang='lat' dir='ltr'>MARTIUS.</span> 
     </span>
    </p>
   </div>
   <div class='ocr_carea' id='block_1_11' title="bbox 406 5419 1414 5581">
    <p class='ocr_par' dir='ltr' id='par_1_25' title="bbox 406 5419 1414 5581">
     <span class='ocr_line' id='line_1_42' title="bbox 406 5419 1414 5494; baseline 0.006 -21"><span class='ocrx_word' id='word_1_370' title='bbox 406 5419 431 5474; x_wconf 94' lang='grc'>2.</span> <span class='ocrx_word' id='word_1_371' title='bbox 499 5419 538 5474; x_wconf 90' lang='grc'>11</span> <span class='ocrx_word' id='word_1_372' title='bbox 556 5436 621 5476; x_wconf 93' lang='lat' dir='ltr'>uon.</span> <span class='ocrx_word' id='word_1_373' title='bbox 648 5421 837 5492; x_wconf 86' lang='lat' dir='ltr'>Irmengardis</span> <span class='ocrx_word' id='word_1_374' title='bbox 855 5421 891 5476; x_wconf 90' lang='lat' dir='ltr'>de</span> <span class='ocrx_word' id='word_1_375' title='bbox 907 5421 1092 5488; x_wconf 81' lang='lat' dir='ltr'>Helfeustain,</span> <span class='ocrx_word' id='word_1_376' title='bbox 1110 5426 1179 5478; x_wconf 85' lang='lat' dir='ltr'>nata</span> <span class='ocrx_word' id='word_1_377' title='bbox 1196 5422 1232 5478; x_wconf 92' lang='lat' dir='ltr'>de</span> <span class='ocrx_word' id='word_1_378' title='bbox 1250 5423 1414 5494; x_wconf 87' lang='lat' dir='ltr'>Kirchbcrg.</span> 
     </span>
     <span class='ocr_line' id='line_1_43' title="bbox 408 5506 1260 5581; baseline 0.005 -21"><span class='ocrx_word' id='word_1_379' title='bbox 408 5507 434 5560; x_wconf 90' lang='grc'>3.</span> <span class='ocrx_word' id='word_1_380' title='bbox 513 5506 540 5560; x_wconf 94' lang='lat' dir='ltr'>V</span> <span class='ocrx_word' id='word_1_381' title='bbox 557 5524 622 5563; x_wconf 91' lang='lat' dir='ltr'>nou.</span> <span class='ocrx_word' id='word_1_382' title='bbox 650 5508 807 5564; x_wconf 81' lang='lat' dir='ltr'>Vridericns</span> <span class='ocrx_word' id='word_1_383' title='bbox 825 5526 895 5564; x_wconf 90' lang='lat' dir='ltr'>com.</span> <span class='ocrx_word' id='word_1_384' title='bbox 913 5507 1027 5578; x_wconf 85' lang='lat' dir='ltr'>d(ietue)</span> <span class='ocrx_word' id='word_1_385' title='bbox 1046 5508 1081 5563; x_wconf 89' lang='lat' dir='ltr'>de</span> <span class='ocrx_word' id='word_1_386' title='bbox 1099 5512 1260 5581; x_wconf 79' lang='lat' dir='ltr'>Augspurg.</span> 
     </span>
    </p>
   </div>
   <div class='ocr_carea' id='block_1_12' title="bbox 496 5714 1520 5790">
    <p class='ocr_par' dir='ltr' id='par_1_26' title="bbox 496 5714 1520 5790">
     <span class='ocr_line' id='line_1_44' title="bbox 496 5714 1520 5790; baseline 0.006 -23"><span class='ocrx_word' id='word_1_387' title='bbox 496 5715 518 5784; x_wconf 86' lang='grc' dir='ltr'>ι)</span> <span class='ocrx_word' id='word_1_388' title='bbox 538 5714 711 5772; x_wconf 70' lang='grc'><strong>6111101111</strong></span> <span class='ocrx_word' id='word_1_389' title='bbox 730 5728 799 5775; x_wconf 81' lang='grc'><strong>1456.</strong></span> <span class='ocrx_word' id='word_1_390' title='bbox 903 5720 927 5785; x_wconf 85' lang='lat' dir='ltr'>a)</span> <span class='ocrx_word' id='word_1_391' title='bbox 948 5717 1106 5772; x_wconf 60' lang='lat' dir='ltr'>(taceam</span> <span class='ocrx_word' id='word_1_392' title='bbox 1123 5718 1262 5774; x_wconf 59' lang='lat' dir='ltr'>additrut</span> <span class='ocrx_word' id='word_1_393' title='bbox 1275 5725 1353 5790; x_wconf 81' lang='lat' dir='ltr'>puto,</span> <span class='ocrx_word' id='word_1_394' title='bbox 1371 5719 1403 5773; x_wconf 86' lang='lat' dir='ltr'>dc</span> <span class='ocrx_word' id='word_1_395' title='bbox 1423 5719 1520 5774; x_wconf 80' lang='lat' dir='ltr'>Tbecb.</span> 
     </span>
    </p>
   </div>
   <div class='ocr_carea' id='block_1_13' title="bbox 0 0 2152 6434">
    <p class='ocr_par' dir='ltr' id='par_1_27' title="bbox 0 0 2152 6434">
     <span class='ocr_line' id='line_1_45' title="bbox 0 0 2152 6434; baseline 0 3"><span class='ocrx_word' id='word_1_396' title='bbox 0 0 2152 6434; x_wconf 95' lang='lat' dir='ltr'> </span> 
     </span>
    </p>
   </div>
  </div>
 </body>
</html>
