4298 6436
213 363 337 418 NOTAE
356 363 637 420 NECROLOGICAI}
655 365 703 420 ΕΤ
724 366 829 421 LIBER
849 368 1098 424 ANNIVERSAR.
1117 370 1421 427 PRAEPOSITURAE
1441 373 1664 432 Tamicensis
1707 381 1769 442 547

112 540 153 592 23.
240 538 339 592 Xkal.
375 537 565 608 (Hildcgardis
583 539 654 594 abb⁸
672 540 727 608 ob.)

112 627 153 680 24.
209 625 337 704 Ι11111.
373 627 467 692 (Anna
484 642 555 679 uxor
571 626 657 681 Ulrici
676 627 746 681 dicti
766 626 908 681 Wulbhers
926 626 1029 682 nobilis
1047 627 1100 681 viri
1119 628 1154 683 de
1172 633 1262 684 castro
1283 631 1408 700 Antiqua
1427 631 1570 703 Klingcn.)

112 713 154 766 27.
224 712 262 765 VI
281 712 336 765 kal.
373 711 525 781 (Septimus
544 711 657 766 Lutoldi
677 712 771 767 Zwiko
790 713 911 768 incumbi
930 713 959 768 in
980 714 1089 782 Aliost.)

112 801 152 852 28.
236 799 261 851 V
280 798 335 852 kal.
372 797 529 866 [Heinricus
551 798 644 854 dictus
662 800 741 854 Mure
759 817 826 864 sea,
852 818 911 870 cap.
932 801 1104 870 leprosorum
1121 801 1151 856 in
1171 802 1244 870 Sylo
1281 804 1420 858 Arnoldus
1438 804 1473 859 de
1492 805 1664 859 Rinsvelden
1683 805 1771 861 miles.

424 885 576 939 Benedicta
593 885 628 939 de
647 885 793 956 Bechbnrg
811 887 882 940 abb⁸
900 888 983 941 huius
1002 888 1183 958 monasterii]

111 973 154 1027 29.
221 972 259 1025 IV
278 971 335 1027 kal.
372 971 518 1040 [Magister
529 971 639 1025 Ulricus
651 971 742 1026 dictus
755 972 867 1042 Spuolo,
887 991 947 1028 can.
961 974 1044 1027 huius
1056 975 1228 1031 monasterii.
1253 976 1416 1042 Mergretho
1430 978 1464 1031 de
1474 979 1599 1032 Granscn
1612 978 1771 1033 claustralis

424 1059 507 1112 huius
525 1059 709 1127 monasterii]

112 1147 152 1199 30.
220 1144 259 1198 III
278 1146 334 1199 kal.
371 1131 569 1212 [Mechtild'de
588 1145 789 1216 Wunnenberg
807 1145 877 1199 abbr
895 1146 978 1200 huius
997 1148 1159 1201 monasterii
1178 1149 1221 1204 ob.
1252 1149 1387 1203 Mcohtild
1407 1150 1483 1205 dicta
1502 1151 1666 1222 Sigbottin.]

112 1234 152 1285 31.
234 1235 262 1287 11
280 1232 335 1286 knl.
372 1231 506 1301 [ludi-nia
524 1233 558 1286 dc
578 1233 695 1288 Basilcn.
726 1235 882 1289 Kitharion.
901 1236 935 1288 dc
954 1236 1131 1310 Minseldcn.]

736 1516 1148 1528 ————-——--.....

532 1799 763 1968 norae
803 1874 1352 1972 Nsoeoeoaians

113 2031 200 2122 er
233 2029 443 2122 areae
476 2028 1150 2125 Anssvsesnmoean
1184 2034 1771 2129 penaeasrraens

713 2185 1162 2281 raelosasss

215 2413 244 2476 I.
278 2414 321 2477 In
343 2414 469 2476 civitate
485 2413 603 2477 Tetrico
625 2412 754 2478 ecclesia
776 2412 948 2495 colbqiata,
970 2415 1081 2498 linqua
1103 2415 1273 2481 vernacula
1289 2416 1435 2500 Prmrstn
1450 2419 1515 2484 sice
1533 2417 1773 2482 Grossmiinster

110 2523 316 2598 nnnmcpato,
345 2537 443 2598 quarn
465 2515 609 2580 Karalus
630 2517 773 2598 Moenus
801 2519 978 2582 condidisse
1005 2521 1138 2598 (licitur,
1169 2521 1271 2584 medio
1299 2543 1374 2585 aeoo
1396 2523 1506 2602 aiouii.
1552 2521 1772 2604 Neerobroium

111 2621 210 2684 brcius
235 2619 379 2684 ecclesiae
405 2620 594 2684 iamdudum
616 2621 732 2700 periit,
763 2627 934 2701 supersunt
962 2628 1053 2686 nobie
1077 2629 1202 2688 tantona
1225 2624 1434 2706 necroloyieae
1455 2625 1500 2688 aa
1521 2626 1651 2690 eandem
1669 2625 1771 2706 perti·

111 2715 234 2802 nauus,
266 2745 404 2806 quarum
430 2725 674 2806 antiquissimae
699 2724 835 2788 suscribis
859 2725 900 2789 X.
925 2732 954 2789 et
978 2727 1039 2790 XI.
1069 2749 1169 2808 rasqrre
1197 2728 1241 2792 ad
1261 2749 1384 2792 annum
1408 2731 1493 2792 1078
1515 2730 1553 2793 in
1573 2729 1772 2808 marqinibus

112 2831 230 2894 codicis
255 2829 470 2912 martyrobroii
491 2829 616 2906 Baetae,
647 2850 733 2893 nunc
761 2829 798 2892 in
825 2827 1008 2894 bibliotheca
1037 2831 1200 2896 cantonali
1225 2833 1392 2897 Turicensi
1414 2834 1583 2910 asservati,
1616 2831 1773 2896 ascribis

112 2933 323 3013 cumpluribus
352 2933 481 2997 manee
510 2938 595 2996 sunt.
650 2933 739 3013 Quies
767 2938 859 2996 notas
889 2953 911 2994 a
941 2954 988 2996 mc
1017 2935 1049 2997 A
1077 2936 1259 3000 nominatas
1288 2937 1338 2998 oir
1366 2936 1563 3000 clarissimus
1596 2934 1772 3000 Grunarrer

112 3038 178 3102 iam
206 3059 291 3102 anno
319 3039 403 3101 1800
430 3037 466 3100 in
493 3035 571 3100 libro
600 3035 756 3114 „Aeltesie
784 3035 958 3101 Deubmale
988 3039 1043 3102 cler
1066 3038 1221 3102 Ziiricber
1243 3039 1426 3118 Literutnr,
1458 3038 1684 3119 verisientlicbt
1713 3059 1774 3102 oon
1857 3067 1858 3070 ¹

112 3144 196 3207 Mae
210 3143 375 3224 Biiclinyer
397 3141 465 3204 rond
479 3139 568 3204 Brnil
585 3140 780 3204 Grannum*
803 3142 1042 3206 accuratissime
1064 3143 1239 3223 descriptas
1262 3144 1370 3206 edidit.
1416 3143 1595 3208 Dolcndum
1612 3148 1666 3220 est,
1689 3142 1774 3223 quoii

112 3249 171 3311 bae
192 3251 294 3324 notae,
316 3266 455 3326 quarum
470 3251 598 3324 rra-rtem
620 3243 710 3308 baud
731 3244 878 3325 cuiquam
899 3266 939 3308 ee
960 3246 1100 3310 versibus
1119 3247 1274 3310 Leoninis
1295 3249 1497 3328 cornpositom
1520 3268 1584 3312 esse
1604 3247 1772 3322 miramur,

111 3351 200 3432 foliis
220 3350 343 3414 ultimis
364 3349 490 3426 3301313,
512 3349 628 3429 quibus
650 3347 717 3410 (lies
740 3350 790 3410 18.
808 3347 1090 3428 Senioribus—31.
1108 3349 1288 3415 Decembris
1307 3353 1518 3430 continentur,
1535 3351 1635 3432 plane
1657 3349 1773 3414 evulsis

111 3476 176 3520 non
198 3475 302 3518 omnes
323 3458 466 3516 servatae
487 3458 571 3516 ueni.
1411 3528 1424 3544 ι

215 3561 245 3622 2.
272 3559 416 3638 marrier
429 3561 521 3620 notae
536 3555 744 3638 necrobiaicae
756 3555 829 3638 (B),
845 3578 927 3638 araas
939 3556 1104 3639 Biirlinoer
1118 3557 1138 3624 l.
1150 3581 1175 3622 c.
1186 3580 1262 3641 rrae.
1274 3563 1316 3622 81
1333 3560 1440 3636 ccliiiit,
1456 3580 1521 3624 uon
1535 3561 1572 3623 in
1583 3557 1772 3624 emeseno

113 3664 144 3730 S.
160 3662 258 3740 Galli,
280 3668 317 3726 ut
331 3661 383 3726 ille
397 3663 537 3737 coniecit,
561 3662 616 3724 secl
624 3663 736 3740 potiris
751 3661 896 3726 ccclesiae
909 3682 1006 3742 quam
1022 3662 1164 3726 elisimus
1178 3662 1408 3745 martyrolaoio,
1432 3663 1516 3744 quod
1529 3662 1583 3744 fol.
1599 3663 1772 3726 163-172

112 3768 228 3831 coelicis
249 3766 477 3831 manasei
499 3765 640 3828 1113170
662 3765 801 3830 ciusdem
822 3764 1021 3829 bibliothecae
1043 3765 1154 3846 eapbt,
1177 3767 1301 3831 sacciula
1326 3768 1390 3833 XI.
1413 3767 1594 3848 3033111033
1615 3772 1700 3830 srrnt.

216 3875 246 3932 3.
281 3869 335 3932 Ee
356 3871 441 3933 notis
461 3865 662 3948 ncuoloyicis
675 3866 735 3950 (C)
759 3868 794 3931 in
816 3869 923 3933 euclem
945 3868 1073 3933 ecclesia
1096 3869 1232 3934 33333113
1248 3870 1330 3934 XII.
1353 3869 1770 3950 etXII1.seriptiseiiam-

112 3997 199 4041 nune
221 3997 283 4052 333,
306 3996 387 4056 arrae
408 3975 453 4036 acl
468 3994 586 4037 nacnses
601 3972 797 4037 Ianuarium
812 3978 841 4036 et
857 3973 1082 4052 Februarium,
1105 3974 1236 4039 Maium
1251 3980 1281 4039 et
1295 3976 1430 4040 Iunium
1444 3979 1594 4055 micabant,
1617 3974 1654 4037 in
1668 3973 1772 4038 coelice

113 4081 344 4146 membrumue
359 4078 418 4142 Nr.
433 4082 495 4141 16⁰
514 4077 673 4141 societatis
691 4078 949 4158 antiquariorum
968 4079 1191 4142 Turicensinm
1207 4084 1422 4142 assabantur.
1468 4077 1598 4141 Harum
1612 4081 1771 4154 notarum,

112 4205 193 4266 quae
222 4183 288 4264 scre
314 4203 418 4247 munes
445 4183 482 4245 in
507 4182 610 4244 3311133
632 4181 663 4244 A
686 4181 836 4260 praefato
863 4183 957 4244 etiarn
986 4189 1126 4256 restant,
1159 4183 1312 4262 epitomen
1337 4182 1513 4246 &unarum
1540 4179 1705 4244 iterabo
1730 4184 1771 4244 74

112 4295 140 4353 et
164 4291 205 4352 75
228 4287 336 4352 edida

217 4391 320 4456 Notas
341 4389 441 4454 coelici
456 4391 488 4453 A
510 4411 609 4470 inqua
631 4389 676 4452 aa
697 4410 819 4453 annum
835 4391 900 4452 037
921 4389 1051 4454 additas
1073 4390 1125 4454 bic
1146 4389 1248 4454 literis
1269 4391 1452 4468 aaronis,
1476 4389 1575 4454 atius
1598 4388 1771 4469 dispositis,

112 4496 366 4564 airrtinuationes
393 4494 531 4558 ciendam
557 4494 674 4558 coelicis
703 4514 802 4574 usque
824 4494 868 4557 acl
889 4515 1011 4558 annum
1035 4495 1118 4556 1010
1142 4493 1243 4558 literis
1264 4494 1455 4570 maioribus,
1487 4491 1587 4557 latius
1609 4493 1772 4573 dispositis

112 4611 141 4668 et
167 4603 261 4668 uncis
286 4599 433 4675 inclinis,
461 4599 591 4663 nonina
612 4603 725 4678 posteo
747 4619 847 4678 usqrte
867 4598 913 4662 acl
935 4619 1057 4662 anunm
1081 4599 1166 4660 1078
1187 4597 1311 4660 abiecta
1334 4595 1435 4660 literis
1457 4596 1649 4674 maioribus,
1679 4602 1772 4661 notas
1862 4654 1866 4662 .

111 4707 230 4772 codicis
244 4705 278 4769 B
297 4703 507 4785 necrolooicas
528 4701 630 4766 literis
652 4702 834 4778 maioribus,
857 4703 950 4766 reneis
972 4701 1142 4783 quarlraiis
1165 4699 1306 4776 inclusis,
1330 4707 1359 4764 et
1380 4707 1472 4765 notas
1494 4701 1610 4764 codicis
1629 4699 1772 4765 Gliteris

112 4809 295 4885 maioribus,
318 4809 411 4872 uncis
432 4807 579 4871 rotundis
601 4806 735 4870 ¹inclusis
758 4807 1000 4889 distinoucndas
1021 4807 1141 4870 eiurari.

216 4949 264 5013 II.
299 4950 328 5010 1.
363 4945 455 5010 Libri
476 4947 770 5010 anniversariorum
793 4945 937 5009 ecclesiae
959 4944 1139 5026 collcoiatae
1163 4943 1347 5008 Turicmsis
1369 4943 1506 5006 recursio
1525 4943 1647 5023 prima,
1675 4963 1772 5026 quam

110 5055 264 5130 nouimus,
286 5049 411 5115 sacerdo
429 5050 510 5114 XII.
533 5049 629 5113 scribi
651 5054 759 5129 comita
781 5055 811 5112 et
832 5048 968 5112 sacculis
986 5049 1067 5113 XII.
1089 5054 1118 5112 et
1136 5048 1237 5112 XIII.
1254 5048 1381 5110 ineunte
1396 5045 1545 5110 manibus
1559 5045 1772 5127 compluribus

111 5157 313 5232 continuata,
343 5155 397 5218 sea
425 5152 545 5217 saeculi
568 5153 669 5217 XIII.
696 5158 788 5233 parte
818 5153 957 5217 secunda
985 5157 1111 5216 tantine
1137 5149 1382 5232 ποί-1331393113
1409 5155 1439 5213 et
1465 5148 1589 5214 sacerdo
1613 5149 1709 5214 XIV.
1732 5171 1772 5215 ne

110 5281 175 5326 uno
204 5259 331 5341 quidem
358 5257 483 5320 nornine
511 5261 608 5319 aucta
638 5261 691 5319 est.
746 5256 908 5320 Habemus
937 5261 1043 5319 autern
1069 5254 1149 5336 folia
1175 5256 1282 5319 emlern
1311 5259 1437 5318 mnium
1459 5253 1558 5316 buiris
1579 5252 1654 5318 libri
1676 5254 1771 5317 anni-

110 5365 324 5430 versariorum
346 5382 367 5424 a
389 5382 437 5424 me
459 5360 491 5423 A
514 5362 701 5441 nnnoquti,
724 5360 838 5442 quibus
861 5361 928 5424 iam
949 5381 1034 5425 anno
1053 5361 1137 5424 1525
1161 5361 1281 5424 incliccs
1302 5378 1452 5422 censuum
1472 5357 1659 5421 Turiceuses
1679 5358 1771 5421 oesti-

110 5474 223 5534 ruunt
237 5487 380 5548 qumque
394 5485 479 5529 anno
494 5467 579 5527 1840
594 5465 643 5527 vir
658 5464 771 5548 optime
787 5466 918 5529 uteribus
932 5465 1162 5529 Fcrclinanclus
1173 5463 1281 5528 Keller
1295 5463 1335 5526 ab
1351 5461 1402 5526 bis
1417 5460 1578 5525 indicibus
1593 5463 1772 5542 amputauit

110 5579 139 5636 ei
161 5593 231 5638 una
253 5592 324 5636 ciem
345 5569 533 5652 frequentis
554 5568 629 5633 libri
650 5570 944 5634 anniversariorum
966 5569 1111 5633 ablatiae
1128 5567 1312 5632 Turieensis
1334 5567 1371 5628 in
1393 5562 1649 5629 eodichr.1b⁰
1665 5565 1771 5631 biblio

111 5675 217 5742 tbecac
239 5675 399 5738 sonemus
420 5674 679 5754 antiquariorum
703 5674 887 5737 recondidit.

1511 5781 1564 5836 69*
