4334 6442
525 1557 757 1703 meas
778 1503 1456 1652 Avvlvvssnfflosvm

417 1713 799 1810 vvvvvsmv
840 1712 1132 1808 melosa
1172 1710 1573 1808 vaslevsls.

267 1941 422 2036 Lrbmrm
447 1969 741 2033 anniversariorum
771 1965 917 2032 arbace
949 1967 1083 2032 nmioris
1117 1966 1283 2033 Orrmmsis
1316 1967 1367 2032 vir
1394 1965 1592 2031 clamssimus
1614 1963 1820 2047 Wolspanpus

163 2075 202 2140 de
222 2073 331 2139 Invalt
351 2093 437 2139 anno
460 2075 546 2136 1867
567 2070 802 2156 (Necralrpinm
828 2069 994 2149 aureae,
1024 2072 1085 2136 das
1112 2073 1171 2136 ist:
1202 2071 1253 2135 die
1275 2069 1535 2136 Jalrecitbiiebcr
1561 2070 1618 2133 der
1638 2068 1759 2133 Kirclve
1780 2088 1822 2134 en

168 2177 250 2255 aur)
277 2183 307 2244 et
332 2176 571 2243 accuratissime
598 2176 712 2254 amir,
745 2181 814 2239 tum
842 2179 872 2239 et
894 2175 1068 2258 praecipue
1096 2195 1221 2239 sumnia
1250 2179 1280 2238 et
1307 2173 1464 2239 laudabili
1493 2173 1658 2256 elilimntia
1687 2177 1821 2236 aetatem

162 2288 313 2347 notarum
340 2280 542 2364 sinpularum
571 2280 729 2344 dr'stinvit.
780 2277 870 2345 Unde
898 2299 978 2362 opta
1001 2275 1182 2360 Wolfpanpi
1211 2278 1249 2341 cle
1271 2277 1379 2343 Iuvalt
1410 2278 1470 2342 lac
1492 2278 1628 2343 clamne
1655 2278 1823 2359 repetitum

162 2407 239 2452 rara
262 2391 388 2452 tantvm
410 2386 563 2469 corripere
584 2384 664 2448 milri
685 2383 823 2466 eontrpit.

267 2489 476 2555 Recensiones
502 2493 642 2571 quatuor
671 2487 770 2553 luins
797 2485 873 2551 libri
893 2486 1202 2562 anniversariorum,
1233 2505 1315 2567 quac
1338 2484 1375 2549 in
1396 2485 1554 2550 eadierbra
1575 2485 1822 2551 membranaceis

163 2592 285 2675 formae
310 2592 469 2656 mavimac
499 2593 537 2656 in
565 2590 724 2655 tabulnic
746 2589 892 2655 ecclesiae
912 2590 1046 2654 nraioris
1071 2587 1237 2654 (lariensis
1258 2593 1399 2668 exstant,
1425 2587 1632 2672 Walspanpus
1654 2589 1693 2652 de
1714 2586 1823 2652 Invalt

163 2697 203 2780 (l.
220 2718 246 2760 c.
262 2696 363 2760 I-X
370 2696 410 2775 V)
432 2694 599 2777 alluente
618 2694 784 2775 descripsit
805 2698 835 2759 et
861 2692 895 2772 O,
918 2691 961 2772 D,
983 2693 1026 2771 E,
1051 2691 1083 2757 (l
1103 2693 1289 2758 nominavit.

273 2797 323 2877 O,¹
344 2799 482 2863 recensio
502 2797 725 2876 vetustissima,
746 2818 843 2880 qnam
864 2797 1022 2874 habenas,
1044 2797 1131 2861 cirea
1153 2817 1277 2861 annum
1291 2799 1378 2859 1147
1398 2797 1546 2861 nranrbus
1560 2796 1686 2860 duabm
1701 2797 1823 2876 scripta

163 2925 263 2985 usqne
284 2903 329 2967 aa
348 2902 511 2967 saeculnm
534 2897 637 2966 XIII.
659 2901 767 2966 eurem
787 2902 977 2966 sentimenta
998 2906 1054 2968 est.

272 3007 376 3073 Cocles
398 3005 433 3071 D
460 3007 547 3071 cirea
574 3027 698 3070 annum
724 3008 810 3069 1196
838 3007 935 3070 scribi
961 3011 1087 3087 coeptus
1113 3026 1214 3086 risque
1240 3005 1278 3069 in
1302 3003 1464 3069 saeculum
1495 3001 1592 3068 XIV.
1620 3004 1705 3068 notis
1733 3004 1824 3068 navis

164 3113 324 3176 aunem
344 3117 399 3176 est.
444 3109 648 3175 Praebendas
669 3110 706 3173 in
728 3109 960 3173 anniversariis
982 3108 1220 3172 distribuendas
1241 3109 1408 3190 caprasius,
1430 3127 1527 3189 quarn
1553 3105 1588 3185 0,
1610 3111 1751 3170 enarrat.

160 3231 162 3234 ·
273 3215 377 3280 mace
398 3215 433 3279 Ε
452 3213 611 3295 evanplvr
637 3219 683 3278 est
712 3213 787 3277 libri
806 3213 1101 3277 anniversariorum
1123 3210 1158 3276 D
1178 3211 1303 3276 saeculo
1327 3211 1431 3275 XIII.
1454 3216 1586 3274 exeunte
1608 3211 1767 3291 incertum
1793 3215 1823 3274 et

158 3320 277 3400 primis
305 3324 431 3383 mutum
456 3319 554 3382 annis
581 3316 702 3381 saeculi
732 3316 830 3382 XIV.
853 3318 1089 3396 continuatum,
1123 3337 1185 3400 quo
1213 3317 1360 3382 canonici
1392 3314 1558 3381 Orrriensis
1583 3316 1638 3380 usi
1665 3337 1730 3380 esse
1757 3335 1822 3380 non

164 3423 321 3486 videnlur.

273 3525 377 3590 mace
400 3524 432 3589 G
453 3546 469 3590 e
491 3524 594 3589 cadiae
616 3523 653 3588 F
676 3545 764 3588 nnnc
789 3524 949 3606 deperdim
978 3545 1063 3588 anno
1086 3526 1172 3588 1390
1202 3523 1381 3604 desurptus
1407 3528 1437 3587 et
1463 3521 1588 3587 sacaria
1613 3519 1690 3586 XV.
1713 3520 1823 3584 multr‘s

165 3632 249 3695 notis
270 3631 430 3694 adauctus
451 3635 512 3708 est,
541 3629 578 3693 in
599 3629 715 3710 aurbus
736 3628 833 3694 lande
854 3630 986 3712 dipnnm
1007 3629 1141 3707 ridetur,
1163 3629 1249 3709 quocl
1270 3627 1453 3709 saepissime
1475 3626 1544 3692 loca
1564 3625 1746 3708 seprrburac
1768 3625 1821 3688 elc-

165 3735 348 3816 [unctorum
368 3734 586 3798 nominantur.
632 3731 812 3797 Dolendum
839 3738 899 3811 est,
926 3733 1011 3814 qnod
1037 3733 1136 3797 luins
1163 3733 1280 3798 coelicis
1302 3733 1367 3797 tria
1388 3731 1484 3815 solia,
1513 3731 1629 3813 quibus
1657 3729 1726 3793 dies
1748 3732 1822 3792 1.-

166 3843 196 3903 8.
211 3838 380 3915 Ianuarii,
402 3839 553 3904 23.-30.
569 3836 762 3915 Novembris,
784 3839 935 3902 28.-31.
950 3837 1132 3902 Decembris
1146 3837 1396 3914 continebantur,
1413 3837 1592 3916 perierunt.
1640 3832 1680 3911 G,
1703 3833 1739 3896 in
1760 3852 1822 3912 qna

166 3963 258 4022 saepre
288 3941 356 4005 dics
390 3942 493 4006 obitra
518 3940 700 4006 nominibus
729 3939 951 4022 defunctorum
983 3962 1049 4006 non
1079 3941 1236 4022 adscripti
1270 3944 1347 4004 sunt
1372 3945 1432 4004 aut
1459 3937 1685 4002 anniversaria
1714 3935 1824 4000 diebus

167 4044 299 4110 diversis
318 4049 515 4125 repetuntur,
537 4045 633 4108 ctiam
654 4044 827 4125 appendia,
849 4045 905 4109 sed
924 4065 991 4110 non
1012 4066 1052 4109 ea·
1072 4050 1135 4109 tato
1157 4048 1292 4123 sanata,
1315 4044 1439 4125 inqua
1460 4043 1578 4106 iterum
1599 4039 1822 4105 anniversaria

167 4149 323 4229 inscripta
343 4148 532 4225 invenimus,
554 4147 679 4211 carecta
699 4153 754 4212 est.

273 4251 354 4318 (lam
368 4251 428 4316 lae
438 4258 577 4334 quatuor
586 4253 781 4317 recensiones
790 4251 979 4317 verbosiores
993 4251 1068 4329 sint,
1083 4250 1290 4332 scriptoribus
1294 4249 1486 4331 praesertim
1496 4247 1695 4312 saeculorum
1708 4246 1822 4325 XIII,

169 4355 275 4434 XIV,
299 4355 377 4421 XV.
392 4356 593 4436 praebendas
621 4356 659 4419 in
679 4355 912 4419 anniversariis
933 4354 1172 4420 distribuendas
1198 4360 1228 4418 et
1253 4355 1348 4432 bara,
1378 4373 1418 4418 ea
1446 4353 1563 4435 pumirs
1583 4351 1707 4416 eaedem
1727 4349 1822 4414 solve-

167 4459 293 4538 bantur,
316 4458 469 4524 latissime
490 4459 742 4539 merulentus,
765 4464 858 4524 notas
880 4457 955 4522 libri
969 4459 1263 4523 anniversariorum
1282 4456 1447 4522 Ovrriensis
1468 4457 1508 4521 ab
1529 4457 1674 4522 omnibus
1694 4455 1822 4520 addae-

167 4563 281 4627 mentis
301 4562 466 4627 vilioribus
488 4561 621 4627 liberarc
649 4583 729 4644 opus
757 4583 822 4627 esse
848 4562 928 4626 milri
949 4561 1052 4626 risum
1079 4565 1151 4626 est.²
1196 4561 1376 4628 Dolerulum
1398 4568 1458 4641 est,
1487 4562 1571 4644 arrad
1591 4559 1710 4626 multae
1730 4565 1823 4624 nolae

167 4666 303 4730 similem
325 4665 399 4731 libri
418 4665 466 4730 vel
486 4687 550 4730 usn
571 4666 729 4730 cotidiano
752 4665 799 4730 vel
817 4667 946 4730 rasuris
967 4665 1044 4730 adeo
1066 4666 1200 4731 detritae
1220 4672 1307 4746 sunt,
1329 4671 1367 4730 ut
1389 4665 1448 4748 lapi
1464 4666 1536 4730 'iam
1555 4686 1621 4731 non
1637 4665 1773 4746 possint.

269 4771 373 4836 Notas
398 4790 498 4851 eaque
526 4770 571 4835 aa
591 4791 715 4835 annum
737 4772 823 4834 1147
844 4769 881 4834 in
902 4769 1007 4834 codice
1032 4767 1215 4851 Oscrnptas
1241 4771 1294 4835 lic
1316 4768 1417 4834 tuem
1438 4769 1613 4834 maioribus
1635 4769 1739 4834 latins
1757 4769 1821 4832 elis-

161 4879 290 4958 positis,
318 4877 449 4942 nomina
472 4879 687 4942 1147-1200
708 4876 821 4941 addita
844 4875 945 4940 literis
965 4875 1156 4954 nraioribas,
1178 4875 1433 4940 continuatimies
1453 4872 1573 4938 saeculi
1596 4873 1698 4937 XIII.
1722 4872 1825 4936 litmr's

167 4983 341 5046 maioribus
361 4981 455 5046 uncr's
475 4979 624 5058 inclusis,
650 4984 745 5044 notas
765 4979 886 5044 saeculi
910 4979 1008 5044 XIV.
1032 4978 1134 5044 literis
1155 4979 1290 5043 minutis
1312 4984 1341 5042 et
1362 4982 1456 5042 notas
1476 4976 1597 5041 saeueli
1621 4977 1657 5041 X
1663 4976 1699 5042 V.
1722 4977 1824 5041 literis

167 5086 301 5149 minutis
321 5085 415 5149 rrnm's
435 5083 571 5148 inclusis
592 5083 645 5147 tric
666 5083 908 5166 clr'stinpuendas
930 5085 1050 5149 curavi.

271 5309 294 5375 ι)
311 5309 338 5363 Δ
349 5313 374 5362 et
386 5309 414 5362 B
426 5307 602 5378 wasnaum
617 5308 651 5363 rle
661 5309 755 5363 Juvalt
770 5308 869 5364 cadims
884 5325 960 5364 nunc
975 5308 1129 5379 depumtcs,
1146 5325 1160 5364 e
1176 5309 1273 5378 prutes
1287 5308 1310 5362 0
1324 5307 1482 5376 daaiptrm
1497 5321 1549 5360 esse
1563 5310 1650 5374 pam,
1667 5307 1824 5361 nominavit.

168 5398 189 5462 a)
212 5395 246 5450 Ut
262 5395 377 5464 mesple
393 5400 466 5463 utar,
484 5394 539 5448 iam
556 5395 694 5464 complores
707 5396 792 5464 prirai
808 5395 903 5451 cedias
916 5395 1027 5463 anais,
1044 5396 1142 5464 pribis
1159 5400 1277 5450 narrant
1294 5394 1449 5461 desmvatm
1462 5393 1579 5448 uersu
1592 5392 1717 5448 &emensi
1727 5393 1825 5448 bonnm

167 5483 205 5536 vet
223 5481 465 5548 venundedisse,
486 5497 574 5550 paene
596 5482 656 5536 sine
677 5482 825 5550 cucuma
846 5499 917 5550 „pro
937 5481 1052 5536 madio
1074 5481 1163 5536 aniate
1185 5497 1246 5550 are,
1271 5498 1292 5536 s.
1311 5481 1402 5534 Marte
1424 5485 1449 5534 et
1472 5479 1509 5534 ad
1530 5480 1664 5534 mutium
1685 5481 1825 5546 fratrum‘

167 5567 644 5636 mammaemammal
659 5571 740 5637 quasi
756 5585 959 5638 uipervacam
976 5570 1019 5624 liic
1031 5569 1209 5637 praetermisi
1246 5568 1341 5623 Etiam
1359 5568 1558 5636 dacripmnem
1574 5567 1673 5635 finium
1685 5567 1825 5622 donorum

166 5661 189 5708 a
203 5655 384 5723 praedimum,
403 5654 528 5722 cambris
542 5655 694 5722 medianda
711 5655 893 5710 annirvrsarii
909 5655 1032 5712 solvenda
1050 5661 1115 5725 erm,
1133 5657 1164 5709 in
1180 5657 1283 5710 civitate
1301 5655 1387 5710 Curia
1403 5655 1519 5708 sitarum
1536 5671 1595 5708 non
1611 5657 1702 5724 rmepi.

1565 5751 1618 5803 78*
