4306 6434
880 368 1006 424 NOTAE
1023 368 1302 424 uocuououlcuu
1319 367 1615 424 EINSIIIDLENSES.

1158 598 1330 674 IULIUS.

434 734 459 788 3.
536 733 562 786 V
581 749 646 786 uon.
673 732 755 787 Auno
774 733 840 787 1307
859 733 903 787 ob.
922 732 1051 787 dominus
1064 730 1220 785 Ituodottus
1237 747 1286 785 rer
1305 731 1426 796 Bactris,
1444 729 1517 785 filius
1535 731 1610 800 regis
1629 731 1748 797 Alborti,
1767 731 1846 786 cuius
1863 749 1929 786 anu.
1946 733 2058 803 sollemp

728 819 803 873 niter
820 819 866 873 hic
884 818 1046 873 celebretur.

419 908 458 960 12.
528 907 568 962 IV
586 906 624 961 id.
677 907 759 961 Anno
772 905 841 960 1330
857 905 901 960 ob.
920 905 1035 960 domina
1046 905 1192 960 Elisabeth
1206 903 1382 959 serenissima
1399 902 1507 974 regina,
1525 903 1625 958 relicta
1642 905 1716 974 regis
1732 905 1865 960 Friderici
1879 905 2058 966 Romanorum

726 993 786 1047 filia
803 992 910 1047 domini
928 992 1022 1046 lucebi
1040 992 1115 1062 regis
1134 991 1297 1062 Arrogouie,
1315 991 1427 1062 sepulta
1444 990 1475 1044 in
1493 992 1577 1045 choro
1596 991 1724 1046 Fratrum
1744 991 1884 1046 Minorem
1903 992 1932 1045 in
1945 993 2058 1046 Wicuurr

419 1080 460 1137 15.
585 1078 624 1134 id.
678 1081 760 1135 Auno
780 1079 849 1134 1290
866 1079 926 1147 (sie)
943 1078 988 1134 ob.
1006 1079 1136 1133 domiuus
1154 1077 1242 1133 Ruort
1260 1078 1450 1132 Romanorum
1467 1093 1523 1142 rex,
1542 1094 1607 1132 ann.
1625 1095 1706 1132 suum
1723 1078 1770 1133 hic
1788 1079 1949 1133 celebretur.

1130 1274 1366 1351 OCTOBER.

434 1412 459 1466 9.
514 1409 567 1466 VII
586 1410 624 1465 id.
677 1408 727 1464 Ob.
745 1408 860 1465 domina
877 1409 1040 1464 Elimbccht
1056 1407 1198 1478 quondum
1216 1407 1315 1477 τεᾳίιιτι
1333 1407 1535 1470 Romanorum,
1555 1409 1645 1460 mater
1663 1405 1776 1460 domiue
1793 1406 1956 1463 Elimbccbt
1973 1410 2057 1465 Roma·

730 1513 829 1552 norum
847 1495 953 1565 regine,
971 1494 1137 1549 fundatricis
1156 1496 1258 1548 nostre.

416 1587 459 1641 28.
545 1584 568 1640 V
586 1583 643 1639 kul.
678 1585 761 1639 Auno
779 1585 847 1640 1313
869 1583 913 1638 ob.
935 1582 1050 1637 domina
1067 1581 1196 1636 Elisabot
1217 1580 1393 1636 serenissima
1410 1580 1600 1634 Romanorum
1623 1581 1735 1648 regina,
1763 1581 1908 1636 fundatrix
1928 1585 2056 1637 nostruin

730 1670 912 1740 Chungsvelt

1109 1796 1384 1872 NOVEMBER.
1489 1843 1491 1850 J

417 1933 461 1986 22.
543 1929 643 1985 Xtral.
679 1931 730 1986 Ob.
748 1932 780 1985 tr.
799 1930 965 2000 tempestus
982 1930 1122 1984 causemur
1139 1929 1236 2000 regine
1255 1929 1399 2000 Ungarie.¹

1042 2229 1455 2240 ...—-.————-

551 2608 778 2704 NOTAE
810 2606 1357 2704 NEOROLOGIOAE
1389 2607 1946 2706 EINSIEDLENSES.

524 2835 757 2946 Neroneum
776 2862 1417 2940 westarmannomarcha
1433 2864 1527 2927 uerus
1542 2864 1696 2944 munau
1708 2863 1859 2946 aarum
1869 2864 2072 2948 (emuna

420 2968 640 3052 Habsburpica
662 2966 730 3048 III,
753 2971 834 3052 833)
854 2968 966 3047 111111,
993 2988 1065 3032 cum
1092 2973 1167 3032 teste
1192 2968 1260 3032 viro
1286 2969 1501 3032 muditsissimo
1527 2967 1657 3033 Odrhone
1678 2968 1848 3051 Itinphote,
1876 2971 2027 3035 monacho
2049 2976 2075 3034 et

420 3074 581 3140 marano
595 3073 819 3153 Einsiedlensi,
842 3071 1020 3154 compr'hrtro
1035 3077 1161 3136 tantum
1175 3091 1261 3135 anrro
1278 3073 1362 3134 1644
1376 3071 1526 3152 confecta,
1548 3094 1614 3137 non
1627 3075 1766 3138 recensio
1780 3071 1948 3156 necrolopii
1956 3074 2078 3154 prioris

418 3180 475 3257 sit,
503 3177 594 3242 nobis
615 3178 934 3259 praetemnittcndum
963 3181 1021 3254 est,
1051 3196 1129 3239 nam
1149 3180 1242 3239 notae
1263 3173 1473 3256 muclopicae
1488 3176 1655 3257 prior-rbus
1675 3176 1813 3242 suariis
1833 3178 1870 3242 in
1891 3178 2078 3242 nuruum

419 3283 657 3348 Hercmitarum
679 3281 825 3363 scriptae,
848 3301 930 3363 quas
951 3284 1064 3344 auctor
1084 3276 1139 3342 itte
1161 3277 1349 3358 compilavit,
1371 3279 1553 3344 etiamnunc
1575 3287 1710 3346 castani.

523 3385 655 3452 Suenda
677 3387 761 3450 enim
778 3385 821 3450 X.
845 3389 977 3449 maante
998 3380 1046 3446 veh
1066 3379 1189 3445 sacerdo
1206 3381 1269 3445 XI.
1293 3379 1422 3446 irrorante
1435 3388 1528 3448 notae
1541 3383 1750 3466 necrobpnae
1764 3383 1947 3450 cahndurio
1964 3385 2080 3449 codicis

419 3489 648 3556 membranacei
670 3488 912 3567 Einsierilcnus,
935 3487 995 3553 Nr.
1011 3487 1076 3550 319
1097 3507 1184 3550 nurrc
1205 3486 1333 3568 abnui,
1356 3487 1486 3552 aearum
1506 3494 1592 3567 srrnt,
1614 3509 1696 3570 quas
1716 3491 1854 3570 sciptor
1874 3489 2001 3554 sacerdo
2019 3491 2078 3554 XI

418 3595 599 3660 nominibus
613 3592 768 3675 penore
788 3593 935 3657 adarmit.
981 3590 1112 3654 Manus·
1127 3589 1196 3654 aim
1218 3595 1324 3655 auteur
1344 3590 1466 3655 suendi
1482 3591 1545 3656 XI.
1568 3597 1661 3657 notas
1680 3593 1892 3676 necrolopicas
1908 3594 2082 3676 comptiores

420 3699 456 3763 in
477 3699 620 3781 marpine
644 3695 878 3780 martyrolopii,
908 3695 992 3777 quod
1013 3696 1116 3760 codice
1138 3695 1376 3761 Heremihvrum
1397 3696 1644 3778 monumen,
1672 3720 1759 3764 nunc
1781 3699 1842 3764 Nr.
1859 3701 1927 3762 236
1947 3702 2083 3783 marato,

420 3802 571 3879 traditur,
593 3801 766 3882 inscripsit,
789 3821 871 3883 quere
884 3804 978 3865 notas
992 3799 1043 3862 hic
1058 3799 1093 3863 B
1106 3799 1278 3864 nominavi.
1324 3799 1426 3864 Notas
1440 3799 1540 3864 rodni
1554 3800 1615 3865 Nr.
1624 3802 1688 3865 319
1703 3823 1801 3866 nmnu
1809 3804 1924 3884 prima
1939 3805 2083 3869 adiectas

419 3903 522 3969 literis
541 3905 717 3970 nraimubus
731 3903 831 3969 lartius
847 3903 1018 3985 cuperus,
1040 3907 1134 3968 notas
1149 3903 1247 3968 eidem
1263 3903 1363 3968 cadim
1377 3924 1399 3966 a
1411 3905 1631 3970 continuatore
1645 3906 1776 3970 adduas
1791 3906 1894 3970 literis
1909 3909 2085 3973 mar'orrhas

419 4013 449 4073 et
462 4014 557 4073 notas
571 4009 688 4074 codicis
698 4008 733 4072 B
747 4007 850 4072 literis
863 4007 1038 4072 maioribus
1051 4006 1146 4070 uncis
1160 4006 1294 4070 inclusis
1306 4008 1424 4071 notavi.
1469 4008 1639 4090 Fpuomen
1651 4015 1802 4076 notarum
1817 4012 1935 4076 codicis
1945 4013 2009 4077 Nr.
2020 4015 2084 4076 319

419 4113 486 4177 iam
505 4111 703 4177 Grandidier
724 4111 798 4176 hist.
814 4110 968 4189 unum,
985 4111 1090 4192 pieros
1109 4109 1213 4192 iustis.
1228 4111 1294 4174 268
1316 4116 1345 4174 et
1361 4109 1508 4190 Bo'hmer,
1524 4113 1642 4178 Fontes
1655 4135 1763 4179 rerum
1779 4115 1932 4180 Gauron.
1944 4116 2009 4195 IV,
2024 4119 2085 4179 144

420 4217 596 4282 ediderunt.
1715 4235 1720 4242 ·

524 4319 657 4385 Praeter
686 4320 745 4385 has
766 4325 860 4385 notas
880 4317 1090 4402 necrolopicas
1113 4324 1247 4400 temporo
1268 4318 1365 4383 medii
1386 4321 1457 4384 aevi
1478 4321 1515 4384 iu
1536 4324 1724 4388 nwnmtmm
1747 4322 1965 4390 Einsiedlensi
1988 4327 2085 4391 etiarn

420 4425 497 4490 leber
519 4426 813 4490 anniversariorum
835 4425 965 4502 eastiht,
988 4425 1082 4488 cuius
1102 4428 1249 4504 exempta
1271 4428 1397 4487 tantum
1420 4444 1441 4486 a
1458 4423 1617 4490 Tsehruhr'o
1632 4427 1669 4491 iu
1682 4427 1785 4492 codice
1800 4429 1918 4506 „Lrhcr
1934 4429 2088 4495 Hereur‘

419 4529 503 4593 dicto
529 4530 715 4594 mmmsterii
736 4527 969 4593 Eirrsiertlensis
990 4533 1115 4592 serrata
1137 4533 1222 4592 sunt.
1267 4528 1357 4592 Haec
1379 4535 1524 4610 eccemta
1546 4551 1568 4594 a
1590 4529 1628 4594 P.
1649 4529 1779 4596 Oditonc
1801 4553 1895 4614 praem
1917 4535 1990 4597 ‹h'oer'
2013 4541 2044 4599 et
2066 4557 2087 4599 a

419 4655 467 4698 me
488 4633 575 4717 (viia
596 4633 702 4699 Neues
718 4633 841 4697 Archiv
859 4631 953 4710 VIII,
968 4633 1049 4715 429)
1069 4633 1203 4696 minuis
1223 4653 1319 4713 quam
1335 4653 1403 4713 par
1424 4639 1470 4698 est
1490 4635 1659 4699 aestimata
1680 4641 1771 4714 ment,
1800 4658 1877 4702 nano
1899 4659 1938 4702 ea
1963 4639 2086 4704 Tschu·

419 4737 518 4816 diurn,
541 4758 735 4820 qrmmqrram
755 4741 901 4818 excerpta
916 4736 961 4800 ad
973 4737 1090 4800 aetatis
1107 4739 1187 4801 serae
1200 4735 1343 4818 linquam
1357 4741 1563 4819 compescuerit
1577 4741 1683 4822 eisqrro
1694 4740 1815 4822 plossas
1822 4745 1959 4825 prorum
1975 4745 2089 4810 Marte

419 4843 587 4920 (1111111111,
620 4863 690 4906 vere
715 4861 779 4907 non
806 4841 1008 4922 censimum,
1041 4841 1097 4905 sed
1121 4862 1191 4905 vere
1216 4863 1254 4905 ex
1279 4840 1357 4906 libro
1379 4844 1687 4924 anniversariorum,
1722 4845 1780 4927 qui
1804 4847 1874 4910 siue
1902 4847 2002 4912 dubio
2030 4851 2089 4914 srrh

420 4949 530 5013 abbate
551 4946 695 5012 Iohanne
724 4946 762 5010 de
784 4945 980 5012 &irwenden
1010 4943 1134 5009 saeculo
1160 4945 1255 5010 XIV.
1284 4946 1414 5010 ineunte
1442 4947 1586 5028 inceptus
1614 4955 1675 5027 cst,
1704 4948 1864 5029 hausisse,
1897 4953 1948 5015 oir
1972 4956 2091 5035 optime

334 5043 336 5050 ’
420 5053 551 5116 meritus
582 5051 738 5134 Georpius
764 5050 802 5114 de
831 5049 924 5131 Wyss
946 5049 1161 5132 (Jahrbr‘r'eher
1189 5049 1246 5114 der
1274 5049 1420 5116 Sehweia.
1454 5050 1637 5116 Gesehichte
1667 5052 1710 5131 X,
1731 5055 1900 5138 277-78)
1925 5059 2090 5138 probavit.

419 5157 534 5238 Itaqrre
555 5161 703 5237 eacerpta
724 5154 939 5232 Tsehudiana,
962 5175 1044 5235 qraae
1061 5154 1218 5235 Georyius
1239 5155 1277 5219 de
1296 5154 1390 5237 Wyss
1410 5157 1650 5222 accuratissime
1672 5157 1692 5220 l.
1708 5179 1734 5222 c.
1758 5159 1866 5238 edidit,
1889 5161 1944 5225 hie
1965 5163 2005 5228 in
2027 5167 2094 5247 fine

419 5261 562 5342 repetivi,
593 5282 632 5324 ee
650 5259 763 5342 phrsms
784 5264 907 5339 autem,
929 5279 1013 5341 quas
1036 5258 1218 5323 Tschruhius
1238 5261 1276 5324 in
1297 5261 1439 5342 nrarpinc
1459 5262 1673 5342 menrsmpn'
1693 5262 1811 5328 admon
1833 5263 1880 5328 vel
1902 5268 1992 5331 uotis
2015 5290 2038 5332 a
2061 5292 2095 5336 se

420 5365 574 5444 excerptis
599 5365 840 5445 superscripsit,
870 5384 924 5428 eas
952 5369 1078 5428 tantum
1103 5363 1230 5440 oriri-idi,
1261 5385 1343 5443 quas
1369 5387 1408 5428 ea
1432 5365 1519 5446 fonte
1544 5385 1603 5430 saro
1618 5369 1813 5448 prompsisse
1835 5371 2012 5437 veriumile
2035 5381 2093 5440 est.

422 5467 601 5533 Dohmdum
624 5473 678 5546 est,
701 5468 786 5550 quod
810 5468 990 5533 I'schudius
1010 5467 1079 5532 dies
1100 5468 1204 5532 obitus
1219 5483 1325 5548 paene
1347 5490 1452 5535 munes
1474 5471 1587 5535 ornisit.

529 5610 571 5617 —-
756 5611 838 5617 .....-

971 5611 1050 5618 ,--..-.
1068 5613 1209 5619 -...-,-.-
1224 5615 1652 5622 .-.„-,-,.---......-—-„.„
1665 5617 1668 5619 .
1680 5615 1778 5620 ...ᾖ-κ.
1788 5616 1979 5628 -——--—..

525 5695 547 5762 1)
568 5692 671 5750 surae
691 5694 806 5766 rnen.
