4298 6436
352 387 415 448 526
948 377 1213 434 NEOROLOGIUM
1232 377 1419 434 SIONENSE.

350 557 392 610 24.
461 553 498 607 IX
519 552 575 607 kal.
612 552 663 607 Ob.
683 551 845 606 Adelheidie
863 561 912 606 ov·
931 551 965 606 de
983 551 1115 620 Wyaoh.¹

350 645 392 699 27.
461 643 499 697 VI
517 641 573 695 kal
610 640 660 694 Ob.
679 642 770 693 mater
787 639 886 693 deceni
905 639 940 693 de
959 640 1087 694 Zumaoh.
1119 637 1169 693 Ob.
1189 638 1341 706 Elysabeth
1360 639 1467 709 regina,
1486 638 1600 696 domina
1617 639 1728 694 domini
1747 639 1857 693 Alberti
1875 641 1947 709 regis.

350 733 391 785 31.
474 729 501 782 ΙΙ
519 729 575 782 kal.
613 727 664 782 Ob.
682 726 835 781 Gerdrudie
853 725 887 780 de
909 726 1013 780 boulen
1031 727 1061 780 in
1081 724 1235 794 [lenzburg.
1254 743 1309 795 que
1328 725 1384 778 luit
1402 726 1514 796 boantn
1533 731 1650 780 nostin.¹

1046 903 1320 978 NOVEMBER.

367 1042 391 1094 2.
463 1038 500 1092 lv
520 1054 583 1091 non.
611 1035 908 1092 blerdrudiedicta
927 1037 1151 1092 Zehenderin
1169 1036 1330 1105 Legnaug
1349 1036 1500 1090 etiiliue
1520 1035 1593 1090 eius
1612 1037 1644 1090 R.
1664 1037 1714 1091 ob.
1746 1038 1799 1092 Ob.
1817 1039 1848 1092 l'r.
1862 1041 1951 1096 Petrus
1966 1045 1992 1097 de

666 1124 843 1194 Teggervelt.

367 1213 392 1265 3.
460 1211 499 1264 111
519 1228 582 1264 non.
612 1212 662 1267 Ob.
674 1211 781 1266 Judeut
798 1228 868 1266 uxor
879 1210 1012 1265 Iohannis
1025 1211 1183 1272 Piscatoria,
1202 1228 1252 1280 pro
1271 1221 1342 1264 aun⁰
1361 1210 1439 1265 euius
1458 1211 1531 1264 idem
1545 1211 1583 1264 Io.
1603 1211 1709 1265 locavit
1727 1214 1993 1282 wadoandelau,

663 1316 718 1366 que
736 1299 857 1353 habetur
875 1297 911 1352 od
930 1298 1116 1352 elevationem
1135 1298 1297 1354 eukaristie.

366 1387 392 1439 4.
427 1388 430 1394 '
476 1385 585 1438 Ilnon.
613 1383 1511 1455 CunradusOarnilesx(sie)‚quicontulitnobiedoi

370 1475 381 1486 '
519 1489 583 1525 non.
611 1472 661 1526 Ob.
683 1474 763 1526 Anna
785 1489 855 1526 uxor
873 1471 1001 1526 ltuodolfi
1027 1471 1062 1525 de
1080 1471 1255 1542 Kadelburg.
1280 1471 1400 1525 ammica
1418 1472 1476 1538 laic)
1495 1470 1629 1540 dom[us]‚
1654 1489 1712 1540 que
1730 1471 1810 1526 dedit
1827 1474 1906 1528 nobis
1922 1495 1993 1532 unum

661 1559 833 1630 psalterium.
861 1559 911 1612 Ob.
930 1559 962 1612 fr.
975 1559 1110 1613 Nicolaue
1123 1560 1232 1624 Rieder‚
1250 1559 1326 1629 prior
1338 1559 1422 1628 huius
1435 1558 1541 1620 domun,
1559 1559 1594 1612 de
1607 1576 1663 1626 quo
1678 1555 1855 1615 benefactum
1870 1567 1910 1616 eat
1920 1565 1992 1620 nobie

354 1646 392 1698 10.
464 1644 502 1698 Ill
520 1643 559 1697 id.
612 1647 655 1700 Fr.
673 1647 706 1701 H.
726 1646 761 1700 de
780 1646 939 1714 Keieerstol‚
957 1647 1045 1700 lector
1062 1646 1180 1700 fratrum
1199 1647 1228 1699 in
1247 1646 1331 1713 Syou,
1350 1644 1544 1699 conventualis
1563 1645 1676 1700 ibidem.

352 1734 392 1786 12.
474 1730 500 1784 11
518 1730 555 1783 id.
609 1734 659 1788 Ob.
683 1732 797 1788 domina
820 1733 909 1797 Clara,
935 1750 1004 1786 uxor
1030 1732 1188 1787 Berehtoldi
1212 1732 1311 1786 militie
1336 1732 1371 1786 de
1390 1733 1494 1786 R....
1522 1736 1551 1785 et
1576 1732 1674 1786 eodem
1699 1733 1746 1787 die
1773 1735 1894 1790 eiusdem
1911 1739 1993 1792 milito

662 1837 727 1874 ann.
745 1820 910 1873 celebretur.

353 1907 392 1958 15.
408 1903 500 1957 XVIII
519 1903 574 1957 kal.
611 1907 666 1960 Ob.
684 1906 722 1961 fr.
741 1906 913 1961 Conradue
931 1906 949 1960 l.
968 1906 1006 1960 de
1025 1905 1251 1974 hoinborch,
1271 1907 1377 1960 istius
1395 1906 1510 1960 domus
1528 1908 1783 1961 conventualis.

354 1993 392 2046 16.
423 1990 502 2045 XVII
519 1989 575 2042 kal·
611 1994 666 2048 Ob.
685 1993 764 2056 Oza.
782 2011 928 2048 anu....
959 1993 1009 2048 Ob.
1029 1993 1193 2063 Ruedgerue
1211 1995 1246 2048 de
1265 1993 1445 2063 Siggingen.⁴

355 2079 394 2131 17.
438 2077 503 2131 xvl
521 2075 577 2130 kal.
614 2080 664 2134 Ob.
684 2079 752 2134 Otto
770 2079 912 2148 quondam
930 2078 1100 2134 echultectuu
1119 2081 1176 2148 (ne)
1196 2081 1225 2134 iu
1244 2080 1460 2150 liiieuaehberg.⁸

351 2165 393 2217 22.
464 2163 502 2217 XI
519 2163 576 2217 kal.
612 2165 676 2236 Epa.
697 2167 845 2221 Heinrioua
869 2166 903 2220 de
922 2166 1048 2236 Brandy·
1073 2166 1129 2230 ob,
1155 2167 1203 2236 qui
1228 2167 1350 2221 contulit
1372 2167 1452 2221 nobie
1477 2169 1493 2221 ἓ
1518 2167 1638 2221 tabellas
1662 2185 1726 2221 oum
1752 2169 1877 2238 reliquiis
1893 2175 1920 2224 et
1934 2171 1992 2224 alian

665 2253 768 2307 multae
786 2252 920 2321 reliquiae
939 2257 968 2306 et
984 2253 1138 2307 Omissalia
1156 2253 1272 2322 optima,
1292 2271 1346 2322 que
1364 2254 1508 2320 habemus,
1528 2258 1557 2308 et
1568 2255 1639 2308 alite
1654 2255 1724 2309 fecit
1737 2255 1817 2308 nobis
1829 2257 1914 2310 multa
1925 2257 1990 2312 bona

665 2355 752 2406 quare
770 2357 834 2394 ann.
854 2340 914 2394 eius
932 2343 975 2394 eet
993 2340 1189 2394 celebrandum
1208 2359 1272 2394 cum
1290 2342 1390 2411 vigilia
1408 2345 1437 2396 et
1454 2343 1539 2396 misen
1557 2361 1608 2412 pro
1626 2343 1776 2397 defunctio

352 2424 394 2476 26.
448 2422 501 2476 VII
520 2424 575 2478 kal.
612 2425 666 2479 Ob.
687 2426 899 2481 Heroelauda
920 2427 1000 2481 lilia
1024 2427 1151 2480 domini
1172 2428 1337 2482 Waltheri
1363 2428 1401 2482 de
1419 2428 1579 2499 Clingen.
1605 2430 1644 2484 de
1669 2449 1734 2499 qua
1759 2431 1880 2484 iratres
1901 2432 1989 2498 bled

661 2512 859 2582 pitanciam.

351 2598 393 2650 28.
476 2597 575 2652 Vkal.
612 2598 666 2654 Ob.
686 2600 867 2655 Heinrioue
885 2599 1025 2670 ponifex
1044 2600 1083 2654 de
1102 2599 1362 2668 Tuorigen,hie
1380 2602 1546 2671 sepultus.

352 2683 394 2736 29.
463 2684 501 2738 IV
519 2684 575 2739 lml.
612 2686 666 2741 Ob.
685 2686 813 2756 Sophia
835 2687 970 2741 domina
994 2686 1033 2740 de
1053 2687 1213 2756 Klingen,
1238 2688 1278 2741 de
1300 2705 1365 2757 qua
1389 2688 1490 2743 detur
1512 2690 1804 2759 iratribusbpnd
1822 2693 1986 2762 pitanciam

609 2759 613 2768 ¹
662 2773 700 2828 de
722 2773 854 2827 decima
876 2774 909 2827 in
929 2773 1138 2827 Wieendowe
1156 2777 1188 2827 et
1207 2775 1418 2844 pauperibus
1437 2775 1614 2829 dimidium
1634 2778 1781 2831 modium
1801 2781 1863 2844 (sic)
1882 2780 1986 2834 tritici.

664 2863 703 2926 (et
721 2861 859 2915 habentur
876 2859 1010 2914 memoria
1030 2861 1142 2929 Agnetn
1161 2863 1189 2913 ct
1208 2861 1379 2915 Hertelnuda
1399 2862 1456 2914 lilia
1475 2879 1569 2915 eorum
1589 2864 1667 2932 (ciel).

388 2986 394 3000 .
475 2946 502 3000 II
520 2945 577 3000 kal.
612 2947 772 3002 Goetfridus
792 2947 902 3002 Muluer
921 2947 1000 3000 miles
1018 2946 1077 3000 obl

1047 3125 1316 3200 DECEMBER.

370 3259 395 3313 2.
462 3257 501 3312 IV
519 3275 583 3312 non.
612 3257 667 3312 Ob.
686 3258 883 3314 cuonradus
907 3258 1009 3312 filius
1032 3259 1065 3311 H.
1090 3258 1128 3312 de
1149 3258 1351 3317 Itinvelden.
1376 3260 1415 3313 de
1438 3277 1501 3328 quo
1523 3260 1650 3314 habent
1668 3263 1795 3315 fratrea
1813 3263 1898 3316 omni
1914 3281 1983 3315 nuno

662 3347 675 3398 1
695 3347 853 3414 quartale
871 3345 985 3399 tritici
1005 3345 1161 3399 debonis
1179 3345 1212 3399 in
1234 3346 1419 3415 Endingen.

368 3433 394 3484 5.
519 3448 583 3485 non.
612 3429 666 3486 Ob.
686 3431 753 3486 Ber.
773 3431 1083 3502 eaninboneusie
1102 3431 1210 3486 nostri
1231 3431 1373 3486 ordinia

369 3519 394 3570 8.
464 3517 502 3571 Vl
520 3517 559 3572 id.
614 3517 669 3573 Ob.
688 3519 1133 3588 Hauriouedessaldingen.

356 3608 395 3660 lO.
467 3603 560 3658 lVid.
614 3605 668 3660 Ob.
688 3605 1054 3660 OuonraduedeWile.

356 3694 396 3746 15.
413 3691 504 3745 XVIII
522 3691 579 3746 kal.
614 3692 648 3744 H.
667 3692 718 3747 ob.
736 3693 848 3746 dictus
866 3693 906 3747 de
924 3693 1190 3747 Bullenbuosen.

354 3779 396 3832 24.
465 3779 503 3832 lx
521 3778 577 3833 kal.
614 3779 761 3833 Bertoltlun
779 3779 815 3833 de
832 3779 993 3849 Sweinigen
1011 3779 1067 3834 ob.⁷
1098 3778 1148 3833 Ob.
1169 3779 1229 3833 Uol.
1248 3779 1377 3833 minister
1395 3779 1429 3834 de
1451 3779 1652 3849 linaeachberg.

355 3867 397 3919 28.
480 3865 579 3920 Vkal.
615 3865 664 3920 Ob.
683 3865 812 3920 domiuus
831 3866 991 3936 Amol[dus]
1011 3866 1046 3920 de
1065 3864 1168 3920 Baden.

354 3953 397 4007 30.
465 3951 506 4006 III
524 3951 580 4006 kal.
617 3952 780 4006 waltherus
798 3952 832 4006 de
850 3953 988 4023 Teingein
1007 3954 1065 4021 (sie)
1084 3953 1141 4008 ob·

356 4039 398 4092 31.
480 4037 505 4093 ΙΙ
524 4038 580 4093 kal.
617 4039 668 4094 Ob.
686 4039 866 4095 domina...
884 4039 920 4093 de
938 4039 1102 4110 'sulingen'

1294 4165 1902 4176 *Μ’

461 4251 483 4316 ι)
502 4247 606 4302 Endon
624 4252 647 4301 et
665 4250 748 4301 muln·
765 4246 822 4300 olem
838 4245 927 4300 aduno
945 4247 1031 4300 inmte
1048 4247 1200 4316 lupaeoennt
1219 4257 1232 4301 1
1251 4248 1373 4316 planule
1390 4247 1472 4301 enno
1489 4249 1642 4304 nonomine.
1747 4253 1770 4318 a)
1790 4248 1984 4304 Uomanum

355 4351 405 4404 pro
426 4349 452 4390 ee
475 4340 498 4388 et
514 4335 613 4388 mondo
629 4351 686 4388 seco.
797 4337 819 4401 a)
838 4333 954 4387 Dantur
971 4332 1002 4386 de
1019 4334 1108 4400 tuneo,
1134 4349 1215 4401 quom
1231 4333 1306 4386 hobel
1327 4333 1394 4386 ulem
1411 4351 1429 4386 a
1447 4335 1607 4388 lrionanorio
1624 4353 1692 4403 „pru
1708 4336 1873 4402 berolitolo‘ss
1896 4337 1922 4387 in
1935 4334 1985 4400 [edo

355 4439 376 4476 s.
391 4421 515 4477 Martini.
609 4425 632 4486 4)
652 4421 699 4475 Pr.
716 4419 749 4475 de
763 4427 843 4490 proto
854 4422 884 4474 in
896 4421 1026 4476 Zurzoch.
1122 4429 1145 4488 a)
1164 4422 1209 4474 Ie.
1222 4421 1253 4474 cle
1264 4422 1342 4475 cim
1353 4423 1383 4474 iu
1396 4422 1583 4492 Ktteoucbbcry
1594 4423 1624 4476 ln
1639 4425 1795 4479 Eiobaldm.
1883 4429 1902 4478 cl
1920 4419 1983 4475 Dedi

356 4511 444 4578 Mic)
459 4525 512 4578 pro
529 4519 543 4564 1
559 4509 681 4577 qutarbde
696 4508 788 4576 luitici,
807 4507 880 4576 quod
897 4508 1013 4561 locatum
1032 4513 1069 4560 eet
1086 4524 1168 4575 nuper
1186 4509 1290 4562 cuneum
1307 4507 1405 4562 dictum
1418 4508 1573 4564 Hooetotter.
1679 4515 1701 4576 π)
1721 4510 1801 4563 Dedit
1817 4509 1936 4576 smlnbm
1947 4521 1985 4574 per

357 4601 536 4650 talamum
556 4604 586 4651 10
597 4602 620 4664 β.
725 4599 748 4661 e)
767 4594 813 4648 Pr.
835 4594 867 4647 dc
887 4596 965 4649 clorio
981 4595 1034 4648 eila
1051 4595 1082 4647 in
1104 4595 1213 4664 Totpcn.
1319 4598 1342 4658 el
1363 4595 1455 4649 Filiae
1472 4599 1530 4650 elus
1548 4598 1710 4652 Bentleoldue
1726 4599 1819 4652 stultu!
1836 4597 1893 4650 dnn
1907 4604 1921 4650 3
1933 4592 1984 4658 lde

354 4685 471 4754 wanpia
492 4700 545 4738 seeo
568 4684 598 4736 in
620 4683 757 4751 Telinpen,
781 4682 882 4748 fratrae
903 4688 993 4736 alitem
1015 4682 1051 4734 acl
1073 4682 1183 4736 academ
1204 4686 1347 4753 pronpiam
1371 4685 1516 4737 alimmum
1536 4688 1582 4754 ab
1601 4683 1718 4738 rolant
1738 4683 1770 4737 de
1791 4685 1910 4746 3rn'noln,
1930 4693 1984 4748 quun

357 4776 474 4825 numani
492 4770 525 4823 ab
543 4769 629 4824 eodem
649 4768 797 4836 Bevtlwldo,
815 4768 973 4821 abluentibus
990 4769 1054 4837 lpus
1072 4776 1088 4821 6
1106 4770 1243 4838 qicartalia
1262 4770 1343 4824 lutici
1360 4777 1383 4823 el
1401 4777 1451 4839 3?-
