<?xml version="1.0" encoding="UTF-8"?>
<!DOCTYPE html PUBLIC "-//W3C//DTD XHTML 1.0 Transitional//EN"
    "http://www.w3.org/TR/xhtml1/DTD/xhtml1-transitional.dtd">
<html xmlns="http://www.w3.org/1999/xhtml" xml:lang="en" lang="en">
 <head>
  <title>
</title>
<meta http-equiv="Content-Type" content="text/html;charset=utf-8" />
  <meta name='ocr-system' content='tesseract 3.04.00' />
  <meta name='ocr-capabilities' content='ocr_page ocr_carea ocr_par ocr_line ocrx_word'/>
</head>
<body>
  <div class='ocr_page' id='page_1' title='image "./monumentagerman04mittgoog_0619.png"; bbox 0 0 4334 6442; ppageno 0'>
   <div class='ocr_carea' id='block_1_1' title="bbox 853 349 1625 429">
    <p class='ocr_par' dir='ltr' id='par_1_1' title="bbox 853 349 1625 429">
     <span class='ocr_line' id='line_1_1' title="bbox 853 349 1625 429; baseline -0.004 0"><span class='ocrx_word' id='word_1_1' title='bbox 853 349 962 428; x_wconf 75' lang='lat' dir='ltr'><strong><em>mess</em></strong></span> <span class='ocrx_word' id='word_1_2' title='bbox 980 371 1343 429; x_wconf 76' lang='lat' dir='ltr'><strong><em>suusvssssslosau</em></strong></span> <span class='ocrx_word' id='word_1_3' title='bbox 1361 371 1625 426; x_wconf 73' lang='lat' dir='ltr'><strong><em>zasmscssffls</em></strong></span> 
     </span>
    </p>
   </div>
   <div class='ocr_carea' id='block_1_2' title="bbox 475 873 2008 992">
    <p class='ocr_par' dir='ltr' id='par_1_2' title="bbox 475 873 2008 992">
     <span class='ocr_line' id='line_1_2' title="bbox 475 873 2008 992; baseline 0.001 -3"><span class='ocrx_word' id='word_1_4' title='bbox 475 896 691 991; x_wconf 74' lang='lat' dir='ltr'><strong><em>mess</em></strong></span> <span class='ocrx_word' id='word_1_5' title='bbox 729 873 1434 989; x_wconf 68' lang='lat' dir='ltr'><strong><em>ssulvsssssslosou</em></strong></span> <span class='ocrx_word' id='word_1_6' title='bbox 1474 893 2008 992; x_wconf 67' lang='lat' dir='ltr'><strong><em>aaszlevassls</em></strong></span> 
     </span>
    </p>
   </div>
   <div class='ocr_carea' id='block_1_3' title="bbox 408 1123 2061 4156">
    <p class='ocr_par' dir='ltr' id='par_1_3' title="bbox 408 1123 2061 2148">
     <span class='ocr_line' id='line_1_3' title="bbox 515 1123 2061 1232; baseline 0.001 -16"><span class='ocrx_word' id='word_1_7' title='bbox 515 1124 769 1216; x_wconf 82' lang='lat' dir='ltr'><strong><em>Mvnasterium</em></strong></span> <span class='ocrx_word' id='word_1_8' title='bbox 797 1169 822 1212; x_wconf 91' lang='lat' dir='ltr'><strong><em>s.</em></strong></span> <span class='ocrx_word' id='word_1_9' title='bbox 846 1147 983 1212; x_wconf 89' lang='lat' dir='ltr'><strong><em>Verenac</em></strong></span> <span class='ocrx_word' id='word_1_10' title='bbox 1010 1123 1206 1213; x_wconf 57' lang='lat' dir='ltr'><strong><em>adnuere*</em></strong></span> <span class='ocrx_word' id='word_1_11' title='bbox 1217 1148 1340 1212; x_wconf 83' lang='lat' dir='ltr'><strong><em>ordinis</em></strong></span> <span class='ocrx_word' id='word_1_12' title='bbox 1367 1169 1392 1212; x_wconf 93' lang='lat' dir='ltr'><strong><em>s.</em></strong></span> <span class='ocrx_word' id='word_1_13' title='bbox 1423 1148 1591 1214; x_wconf 73' lang='lat' dir='ltr'><em>Benedicti</em></span> <span class='ocrx_word' id='word_1_14' title='bbox 1616 1151 1653 1214; x_wconf 90' lang='lat' dir='ltr'><strong><em>in</em></strong></span> <span class='ocrx_word' id='word_1_15' title='bbox 1681 1151 1798 1232; x_wconf 76' lang='lat' dir='ltr'><strong><em>oppido</em></strong></span> <span class='ocrx_word' id='word_1_16' title='bbox 1826 1151 1973 1217; x_wconf 78' lang='lat' dir='ltr'><strong><em>Zureacb</em></strong></span> <span class='ocrx_word' id='word_1_17' title='bbox 2006 1156 2061 1218; x_wconf 77' lang='lat' dir='ltr'><strong><em>ma</em></strong></span> 
     </span>
     <span class='ocr_line' id='line_1_4' title="bbox 408 1250 2058 1338; baseline 0.001 -20"><span class='ocrx_word' id='word_1_18' title='bbox 408 1253 533 1318; x_wconf 77' lang='lat' dir='ltr'><strong><em>sacaria</em></strong></span> <span class='ocrx_word' id='word_1_19' title='bbox 543 1254 608 1318; x_wconf 86' lang='lat' dir='ltr'><strong><em>IX.</em></strong></span> <span class='ocrx_word' id='word_1_20' title='bbox 627 1253 757 1330; x_wconf 75' lang='lat' dir='ltr'><strong><em>exstitit,</em></strong></span> <span class='ocrx_word' id='word_1_21' title='bbox 772 1252 867 1333; x_wconf 82' lang='lat' dir='ltr'><strong><em>idque</em></strong></span> <span class='ocrx_word' id='word_1_22' title='bbox 881 1272 967 1316; x_wconf 89' lang='lat' dir='ltr'><strong><em>anno</em></strong></span> <span class='ocrx_word' id='word_1_23' title='bbox 983 1253 1068 1315; x_wconf 84' lang='lat'><em>1279</em></span> <span class='ocrx_word' id='word_1_24' title='bbox 1084 1250 1247 1331; x_wconf 77' lang='lat' dir='ltr'><strong><em>Rudobfus</em></strong></span> <span class='ocrx_word' id='word_1_25' title='bbox 1262 1271 1361 1315; x_wconf 90' lang='lat' dir='ltr'><strong><em>comcs</em></strong></span> <span class='ocrx_word' id='word_1_26' title='bbox 1375 1251 1413 1314; x_wconf 89' lang='lat' dir='ltr'><strong><em>de</em></strong></span> <span class='ocrx_word' id='word_1_27' title='bbox 1424 1251 1599 1335; x_wconf 73' lang='lat' dir='ltr'><strong><em>Hahsbma,</em></strong></span> <span class='ocrx_word' id='word_1_28' title='bbox 1621 1254 1791 1338; x_wconf 83' lang='lat' dir='ltr'><strong><em>episcopus</em></strong></span> <span class='ocrx_word' id='word_1_29' title='bbox 1810 1253 2058 1335; x_wconf 74' lang='lat' dir='ltr'><strong><em>Constant-tersis,</em></strong></span> 
     </span>
     <span class='ocr_line' id='line_1_5' title="bbox 409 1349 2059 1442; baseline 0.002 -20"><span class='ocrx_word' id='word_1_30' title='bbox 409 1359 446 1423; x_wconf 92' lang='lat' dir='ltr'><strong><em>in</em></strong></span> <span class='ocrx_word' id='word_1_31' title='bbox 468 1357 627 1422; x_wconf 82' lang='lat' dir='ltr'><strong><em>ecclesiam</em></strong></span> <span class='ocrx_word' id='word_1_32' title='bbox 649 1357 843 1437; x_wconf 78' lang='lat' dir='ltr'><strong><em>coliepiatam</em></strong></span> <span class='ocrx_word' id='word_1_33' title='bbox 864 1349 1009 1421; x_wconf 88' lang='lat' dir='ltr'><strong><em>mutavit.</em></strong></span> <span class='ocrx_word' id='word_1_34' title='bbox 1054 1356 1276 1437; x_wconf 77' lang='lat' dir='ltr'><strong><em>Necrolopium</em></strong></span> <span class='ocrx_word' id='word_1_35' title='bbox 1297 1357 1483 1420; x_wconf 87' lang='lat' dir='ltr'><strong><em>monasterii</em></strong></span> <span class='ocrx_word' id='word_1_36' title='bbox 1498 1359 1607 1437; x_wconf 86' lang='lat' dir='ltr'><strong><em>periit,</em></strong></span> <span class='ocrx_word' id='word_1_37' title='bbox 1630 1357 1761 1423; x_wconf 84' lang='lat' dir='ltr'><strong><em>ecclesia</em></strong></span> <span class='ocrx_word' id='word_1_38' title='bbox 1781 1357 1949 1442; x_wconf 76' lang='lat' dir='ltr'><strong><em>coliepiata</em></strong></span> <span class='ocrx_word' id='word_1_39' title='bbox 1967 1367 2059 1425; x_wconf 86' lang='lat' dir='ltr'><strong><em>auten</em></strong></span> 
     </span>
     <span class='ocr_line' id='line_1_6' title="bbox 410 1459 2059 1548; baseline 0.001 -22"><span class='ocrx_word' id='word_1_40' title='bbox 410 1463 535 1527; x_wconf 90' lang='lat' dir='ltr'><strong><em>demum</em></strong></span> <span class='ocrx_word' id='word_1_41' title='bbox 555 1482 641 1526; x_wconf 93' lang='lat' dir='ltr'><strong><em>anno</em></strong></span> <span class='ocrx_word' id='word_1_42' title='bbox 663 1463 749 1524; x_wconf 82' lang='lat'><em>1876</em></span> <span class='ocrx_word' id='word_1_43' title='bbox 770 1459 897 1524; x_wconf 86' lang='lat' dir='ltr'><strong><em>sublata</em></strong></span> <span class='ocrx_word' id='word_1_44' title='bbox 919 1459 993 1524; x_wconf 86' lang='lat' dir='ltr'><strong><em>iibri</em></strong></span> <span class='ocrx_word' id='word_1_45' title='bbox 1015 1461 1308 1524; x_wconf 73' lang='lat' dir='ltr'><strong><em>anniversariorum</em></strong></span> <span class='ocrx_word' id='word_1_46' title='bbox 1330 1460 1413 1523; x_wconf 89' lang='lat' dir='ltr'><strong><em>duas</em></strong></span> <span class='ocrx_word' id='word_1_47' title='bbox 1433 1462 1627 1526; x_wconf 75' lang='lat' dir='ltr'><strong><em>rccmsscones</em></strong></span> <span class='ocrx_word' id='word_1_48' title='bbox 1647 1461 1795 1543; x_wconf 77' lang='lat' dir='ltr'><strong><em>reliquit,</em></strong></span> <span class='ocrx_word' id='word_1_49' title='bbox 1823 1485 1961 1544; x_wconf 77' lang='lat' dir='ltr'><strong><em>arrarum</em></strong></span> <span class='ocrx_word' id='word_1_50' title='bbox 1977 1467 2059 1548; x_wconf 84' lang='lat' dir='ltr'><strong><em>prior</em></strong></span> 
     </span>
     <span class='ocr_line' id='line_1_7' title="bbox 410 1563 2059 1650; baseline 0.001 -19"><span class='ocrx_word' id='word_1_51' title='bbox 410 1569 446 1631; x_wconf 93' lang='lat' dir='ltr'><strong><em>in</em></strong></span> <span class='ocrx_word' id='word_1_52' title='bbox 473 1567 576 1630; x_wconf 77' lang='lat' dir='ltr'><strong><em>cocae</em></strong></span> <span class='ocrx_word' id='word_1_53' title='bbox 605 1569 747 1629; x_wconf 73' lang='lat' dir='ltr'><strong><em>cartaceo</em></strong></span> <span class='ocrx_word' id='word_1_54' title='bbox 777 1563 932 1628; x_wconf 72' lang='lat' dir='ltr'><strong><em>tabidarii</em></strong></span> <span class='ocrx_word' id='word_1_55' title='bbox 953 1563 1157 1645; x_wconf 80' lang='lat' dir='ltr'><strong><em>Arpoviensis</em></strong></span> <span class='ocrx_word' id='word_1_56' title='bbox 1177 1569 1375 1641; x_wconf 78' lang='lat' dir='ltr'><strong><em>asservatur,</em></strong></span> <span class='ocrx_word' id='word_1_57' title='bbox 1405 1584 1487 1644; x_wconf 82' lang='lat' dir='ltr'><strong><em>quac</em></strong></span> <span class='ocrx_word' id='word_1_58' title='bbox 1514 1566 1639 1645; x_wconf 82' lang='lat' dir='ltr'><strong><em>quidem</em></strong></span> <span class='ocrx_word' id='word_1_59' title='bbox 1666 1587 1755 1630; x_wconf 90' lang='lat' dir='ltr'><strong><em>nunc</em></strong></span> <span class='ocrx_word' id='word_1_60' title='bbox 1775 1565 1878 1646; x_wconf 77' lang='lat' dir='ltr'><strong><em>fol-irs,</em></strong></span> <span class='ocrx_word' id='word_1_61' title='bbox 1902 1569 1938 1631; x_wconf 88' lang='lat' dir='ltr'><strong><em>in</em></strong></span> <span class='ocrx_word' id='word_1_62' title='bbox 1957 1569 2059 1650; x_wconf 74' lang='lat' dir='ltr'><strong><em>quibes</em></strong></span> 
     </span>
     <span class='ocr_line' id='line_1_8' title="bbox 410 1667 2057 1754; baseline 0 -20"><span class='ocrx_word' id='word_1_63' title='bbox 410 1669 633 1734; x_wconf 83' lang='lat' dir='ltr'><strong><em>anniversam‘a</em></strong></span> <span class='ocrx_word' id='word_1_64' title='bbox 659 1668 734 1732; x_wconf 89' lang='lat' dir='ltr'><strong><em>inde</em></strong></span> <span class='ocrx_word' id='word_1_65' title='bbox 760 1689 783 1731; x_wconf 93' lang='grc' dir='ltr'><em>α</em></span> <span class='ocrx_word' id='word_1_66' title='bbox 811 1667 862 1730; x_wconf 91' lang='lat' dir='ltr'><strong><em>die</em></strong></span> <span class='ocrx_word' id='word_1_67' title='bbox 890 1671 920 1730; x_wconf 92' lang='lat'><strong><em>1.</em></strong></span> <span class='ocrx_word' id='word_1_68' title='bbox 942 1667 1098 1730; x_wconf 80' lang='lat' dir='ltr'><strong><em>Ianuarii</em></strong></span> <span class='ocrx_word' id='word_1_69' title='bbox 1123 1688 1223 1748; x_wconf 80' lang='lat' dir='ltr'><strong><em>usque</em></strong></span> <span class='ocrx_word' id='word_1_70' title='bbox 1248 1667 1294 1731; x_wconf 88' lang='lat' dir='ltr'><strong><em>ad</em></strong></span> <span class='ocrx_word' id='word_1_71' title='bbox 1318 1667 1399 1731; x_wconf 90' lang='lat' dir='ltr'><strong><em>diem</em></strong></span> <span class='ocrx_word' id='word_1_72' title='bbox 1422 1671 1473 1730; x_wconf 82' lang='lat'><strong><em>18.</em></strong></span> <span class='ocrx_word' id='word_1_73' title='bbox 1496 1667 1672 1733; x_wconf 84' lang='lat' dir='ltr'><strong><em>Februarii</em></strong></span> <span class='ocrx_word' id='word_1_74' title='bbox 1692 1672 1817 1752; x_wconf 79' lang='lat' dir='ltr'><strong><em>scripta</em></strong></span> <span class='ocrx_word' id='word_1_75' title='bbox 1839 1677 1947 1750; x_wconf 88' lang='lat' dir='ltr'><strong><em>erant,</em></strong></span> <span class='ocrx_word' id='word_1_76' title='bbox 1976 1679 2057 1754; x_wconf 84' lang='lat' dir='ltr'><strong><em>atque</em></strong></span> 
     </span>
     <span class='ocr_line' id='line_1_9' title="bbox 410 1770 2057 1854; baseline 0.001 -16"><span class='ocrx_word' id='word_1_77' title='bbox 410 1775 507 1839; x_wconf 90' lang='lat' dir='ltr'><strong><em>etiam</em></strong></span> <span class='ocrx_word' id='word_1_78' title='bbox 528 1773 616 1854; x_wconf 77' lang='lat' dir='ltr'><strong><em>soliis</em></strong></span> <span class='ocrx_word' id='word_1_79' title='bbox 636 1772 760 1837; x_wconf 79' lang='lat' dir='ltr'><strong><em>ultimis</em></strong></span> <span class='ocrx_word' id='word_1_80' title='bbox 781 1771 899 1835; x_wconf 89' lang='lat' dir='ltr'><strong><em>codicis</em></strong></span> <span class='ocrx_word' id='word_1_81' title='bbox 920 1776 1014 1834; x_wconf 85' lang='lat' dir='ltr'><strong><em>caret.</em></strong></span> <span class='ocrx_word' id='word_1_82' title='bbox 1059 1770 1148 1835; x_wconf 90' lang='lat' dir='ltr'><strong><em>Dum</em></strong></span> <span class='ocrx_word' id='word_1_83' title='bbox 1171 1770 1249 1835; x_wconf 89' lang='lat' dir='ltr'><strong><em>liber</em></strong></span> <span class='ocrx_word' id='word_1_84' title='bbox 1270 1771 1562 1836; x_wconf 83' lang='lat' dir='ltr'><strong><em>anniversariorum</em></strong></span> <span class='ocrx_word' id='word_1_85' title='bbox 1584 1773 1651 1854; x_wconf 88' lang='lat' dir='ltr'><strong><em>ipsc</em></strong></span> <span class='ocrx_word' id='word_1_86' title='bbox 1672 1772 1754 1853; x_wconf 78' lang='lat' dir='ltr'><strong><em>solia</em></strong></span> <span class='ocrx_word' id='word_1_87' title='bbox 1771 1777 1815 1838; x_wconf 88' lang='grc'><strong><em>63</em></strong></span> <span class='ocrx_word' id='word_1_88' title='bbox 1828 1776 1943 1854; x_wconf 87' lang='lat' dir='ltr'><strong><em>priora</em></strong></span> <span class='ocrx_word' id='word_1_89' title='bbox 1956 1776 2057 1839; x_wconf 86' lang='lat' dir='ltr'><strong><em>codicis</em></strong></span> 
     </span>
     <span class='ocr_line' id='line_1_10' title="bbox 411 1875 2057 1961; baseline 0.003 -22"><span class='ocrx_word' id='word_1_90' title='bbox 411 1877 620 1958; x_wconf 78' lang='lat' dir='ltr'><strong><em>amplectitur,</em></strong></span> <span class='ocrx_word' id='word_1_91' title='bbox 642 1875 767 1957; x_wconf 79' lang='lat' dir='ltr'><strong><em>reliqua</em></strong></span> <span class='ocrx_word' id='word_1_92' title='bbox 782 1896 902 1952; x_wconf 82' lang='lat' dir='ltr'><strong><em>censrrs,</em></strong></span> <span class='ocrx_word' id='word_1_93' title='bbox 924 1875 1040 1956; x_wconf 82' lang='lat' dir='ltr'><strong><em>quibus</em></strong></span> <span class='ocrx_word' id='word_1_94' title='bbox 1054 1875 1278 1938; x_wconf 86' lang='lat' dir='ltr'><strong><em>anniversaria</em></strong></span> <span class='ocrx_word' id='word_1_95' title='bbox 1293 1876 1366 1956; x_wconf 88' lang='lat' dir='ltr'><strong><em>ipsa</em></strong></span> <span class='ocrx_word' id='word_1_96' title='bbox 1373 1875 1582 1956; x_wconf 82' lang='lat' dir='ltr'><strong><em>persolvenda</em></strong></span> <span class='ocrx_word' id='word_1_97' title='bbox 1597 1883 1698 1956; x_wconf 89' lang='lat' dir='ltr'><strong><em>erant,</em></strong></span> <span class='ocrx_word' id='word_1_98' title='bbox 1718 1878 1778 1941; x_wconf 91' lang='lat' dir='ltr'><strong><em>sub</em></strong></span> <span class='ocrx_word' id='word_1_99' title='bbox 1795 1877 1882 1957; x_wconf 85' lang='lat' dir='ltr'><strong><em>iocis,</em></strong></span> <span class='ocrx_word' id='word_1_100' title='bbox 1904 1902 1943 1944; x_wconf 78' lang='lat' dir='ltr'><strong><em>ce</em></strong></span> <span class='ocrx_word' id='word_1_101' title='bbox 1955 1882 2057 1961; x_wconf 67' lang='lat' dir='ltr'><strong><em>prebes</em></strong></span> 
     </span>
     <span class='ocr_line' id='line_1_11' title="bbox 410 1979 2056 2061; baseline 0.003 -17"><span class='ocrx_word' id='word_1_102' title='bbox 410 1980 617 2058; x_wconf 86' lang='lat' dir='ltr'><strong><em>solvebantur,</em></strong></span> <span class='ocrx_word' id='word_1_103' title='bbox 633 1981 816 2061; x_wconf 86' lang='lat' dir='ltr'><strong><em>compositos</em></strong></span> <span class='ocrx_word' id='word_1_104' title='bbox 830 1979 1000 2044; x_wconf 89' lang='lat' dir='ltr'><strong><em>continent.</em></strong></span> <span class='ocrx_word' id='word_1_105' title='bbox 1039 1979 1223 2043; x_wconf 78' lang='lat' dir='ltr'><strong><em>Muneratu</em></strong></span> <span class='ocrx_word' id='word_1_106' title='bbox 1238 1979 1368 2060; x_wconf 77' lang='lat' dir='ltr'><strong><em>dipnum</em></strong></span> <span class='ocrx_word' id='word_1_107' title='bbox 1383 1979 1516 2058; x_wconf 90' lang='lat' dir='ltr'><strong><em>videtur,</em></strong></span> <span class='ocrx_word' id='word_1_108' title='bbox 1538 1980 1721 2061; x_wconf 74' lang='lat' dir='ltr'><strong><em>scriptorun</em></strong></span> <span class='ocrx_word' id='word_1_109' title='bbox 1736 1982 1917 2048; x_wconf 80' lang='lat' dir='ltr'><strong><em>calcrrdarii</em></strong></span> <span class='ocrx_word' id='word_1_110' title='bbox 1930 1986 2056 2049; x_wconf 79' lang='lat' dir='ltr'><strong><em>nurneris</em></strong></span> 
     </span>
     <span class='ocr_line' id='line_1_12' title="bbox 412 2084 920 2148; baseline -0.002 -1"><span class='ocrx_word' id='word_1_111' title='bbox 412 2090 538 2148; x_wconf 91' lang='lat' dir='ltr'><strong><em>tantum</em></strong></span> <span class='ocrx_word' id='word_1_112' title='bbox 558 2084 709 2148; x_wconf 78' lang='lat' dir='ltr'><strong><em>Arabicis</em></strong></span> <span class='ocrx_word' id='word_1_113' title='bbox 730 2104 825 2148; x_wconf 87' lang='lat' dir='ltr'><strong><em>usum</em></strong></span> <span class='ocrx_word' id='word_1_114' title='bbox 847 2103 920 2147; x_wconf 90' lang='lat' dir='ltr'><strong><em>esse.</em></strong></span> 
     </span>
    </p>

    <p class='ocr_par' dir='ltr' id='par_1_4' title="bbox 411 2185 2055 2894">
     <span class='ocr_line' id='line_1_13' title="bbox 515 2185 2054 2269; baseline 0.001 -17"><span class='ocrx_word' id='word_1_115' title='bbox 515 2187 671 2252; x_wconf 77' lang='lat' dir='ltr'><strong><em>Dubitari</em></strong></span> <span class='ocrx_word' id='word_1_116' title='bbox 691 2208 757 2253; x_wconf 90' lang='lat' dir='ltr'><strong><em>nvn</em></strong></span> <span class='ocrx_word' id='word_1_117' title='bbox 771 2193 885 2269; x_wconf 87' lang='lat' dir='ltr'><strong><em>potest,</em></strong></span> <span class='ocrx_word' id='word_1_118' title='bbox 907 2187 988 2269; x_wconf 83' lang='lat' dir='ltr'><strong><em>quin</em></strong></span> <span class='ocrx_word' id='word_1_119' title='bbox 1008 2185 1085 2250; x_wconf 87' lang='lat' dir='ltr'><strong><em>baec</em></strong></span> <span class='ocrx_word' id='word_1_120' title='bbox 1105 2185 1243 2250; x_wconf 73' lang='lat' dir='ltr'><strong><em>recenseo</em></strong></span> <span class='ocrx_word' id='word_1_121' title='bbox 1264 2207 1330 2251; x_wconf 92' lang='lat' dir='ltr'><strong><em>nvn</em></strong></span> <span class='ocrx_word' id='word_1_122' title='bbox 1350 2186 1563 2251; x_wconf 86' lang='lat' dir='ltr'><strong><em>mortuarium</em></strong></span> <span class='ocrx_word' id='word_1_123' title='bbox 1584 2187 1699 2251; x_wconf 78' lang='lat' dir='ltr'><strong><em>cotidie</em></strong></span> <span class='ocrx_word' id='word_1_124' title='bbox 1718 2208 1740 2252; x_wconf 95' lang='grc' dir='ltr'><em>α</em></span> <span class='ocrx_word' id='word_1_125' title='bbox 1756 2189 1921 2253; x_wconf 87' lang='lat' dir='ltr'><strong><em>canonicis</em></strong></span> <span class='ocrx_word' id='word_1_126' title='bbox 1935 2191 2054 2256; x_wconf 70' lang='grc' dir='ltr'><em>Ζαν-εία</em></span> 
     </span>
     <span class='ocr_line' id='line_1_14' title="bbox 411 2291 2054 2378; baseline 0.002 -21"><span class='ocrx_word' id='word_1_127' title='bbox 411 2292 555 2357; x_wconf 65' lang='lat' dir='ltr'><strong><em>coraibus</em></strong></span> <span class='ocrx_word' id='word_1_128' title='bbox 574 2293 731 2356; x_wconf 81' lang='lat' dir='ltr'><strong><em>usitatum</em></strong></span> <span class='ocrx_word' id='word_1_129' title='bbox 753 2292 805 2369; x_wconf 89' lang='lat' dir='ltr'><strong><em>sit,</em></strong></span> <span class='ocrx_word' id='word_1_130' title='bbox 827 2313 899 2356; x_wconf 86' lang='lat' dir='ltr'><strong><em>curn</em></strong></span> <span class='ocrx_word' id='word_1_131' title='bbox 921 2291 1028 2356; x_wconf 91' lang='lat' dir='ltr'><strong><em>omnia</em></strong></span> <span class='ocrx_word' id='word_1_132' title='bbox 1050 2291 1149 2355; x_wconf 75' lang='lat' dir='ltr'><strong><em>buires</em></strong></span> <span class='ocrx_word' id='word_1_133' title='bbox 1170 2291 1255 2354; x_wconf 92' lang='lat' dir='ltr'><strong><em>modi</em></strong></span> <span class='ocrx_word' id='word_1_134' title='bbox 1276 2291 1464 2368; x_wconf 84' lang='lat' dir='ltr'><strong><em>mortuaria,</em></strong></span> <span class='ocrx_word' id='word_1_135' title='bbox 1487 2311 1526 2354; x_wconf 93' lang='lat' dir='ltr'><strong><em>nc</em></strong></span> <span class='ocrx_word' id='word_1_136' title='bbox 1541 2296 1750 2371; x_wconf 80' lang='lat' dir='ltr'><strong><em>praemature</em></strong></span> <span class='ocrx_word' id='word_1_137' title='bbox 1769 2293 1946 2378; x_wconf 77' lang='lat' dir='ltr'><strong><em>interirent,</em></strong></span> <span class='ocrx_word' id='word_1_138' title='bbox 1968 2295 2054 2360; x_wconf 74' lang='lat' dir='ltr'><strong><em>medio</em></strong></span> 
     </span>
     <span class='ocr_line' id='line_1_15' title="bbox 411 2393 2054 2477; baseline 0.001 -15"><span class='ocrx_word' id='word_1_139' title='bbox 411 2418 486 2462; x_wconf 89' lang='lat' dir='ltr'><strong><em>aevo</em></strong></span> <span class='ocrx_word' id='word_1_140' title='bbox 506 2396 573 2477; x_wconf 79' lang='lat' dir='ltr'><strong><em>scre</em></strong></span> <span class='ocrx_word' id='word_1_141' title='bbox 594 2396 631 2460; x_wconf 92' lang='lat' dir='ltr'><strong><em>in</em></strong></span> <span class='ocrx_word' id='word_1_142' title='bbox 652 2396 843 2460; x_wconf 88' lang='lat' dir='ltr'><strong><em>membranis</em></strong></span> <span class='ocrx_word' id='word_1_143' title='bbox 864 2395 1084 2460; x_wconf 74' lang='lat' dir='ltr'><strong><em>scriberentur.</em></strong></span> <span class='ocrx_word' id='word_1_144' title='bbox 1136 2393 1225 2461; x_wconf 87' lang='lat' dir='ltr'><strong><em>Unde</em></strong></span> <span class='ocrx_word' id='word_1_145' title='bbox 1247 2395 1284 2458; x_wconf 92' lang='lat' dir='ltr'><strong><em>in</em></strong></span> <span class='ocrx_word' id='word_1_146' title='bbox 1298 2395 1528 2476; x_wconf 68' lang='lat' dir='ltr'><strong><em>praepositura</em></strong></span> <span class='ocrx_word' id='word_1_147' title='bbox 1551 2394 1735 2473; x_wconf 80' lang='lat' dir='ltr'><strong><em>Turicensi,</em></strong></span> <span class='ocrx_word' id='word_1_148' title='bbox 1757 2397 1856 2461; x_wconf 91' lang='lat' dir='ltr'><strong><em>etiam</em></strong></span> <span class='ocrx_word' id='word_1_149' title='bbox 1877 2398 1915 2461; x_wconf 84' lang='lat' dir='ltr'><strong><em>in</em></strong></span> <span class='ocrx_word' id='word_1_150' title='bbox 1935 2399 2054 2462; x_wconf 80' lang='lat' dir='ltr'><strong><em>uznonia</em></strong></span> 
     </span>
     <span class='ocr_line' id='line_1_16' title="bbox 412 2499 2055 2581; baseline 0.001 -16"><span class='ocrx_word' id='word_1_151' title='bbox 412 2501 619 2565; x_wconf 81' lang='lat' dir='ltr'><strong><em>Zureiacensi</em></strong></span> <span class='ocrx_word' id='word_1_152' title='bbox 639 2499 889 2581; x_wconf 84' lang='lat' dir='ltr'><strong><em>supplementum</em></strong></span> <span class='ocrx_word' id='word_1_153' title='bbox 910 2499 985 2564; x_wconf 83' lang='lat' dir='ltr'><strong><em>iibri</em></strong></span> <span class='ocrx_word' id='word_1_154' title='bbox 1006 2499 1301 2563; x_wconf 76' lang='lat' dir='ltr'><strong><em>anniversarrbmm</em></strong></span> <span class='ocrx_word' id='word_1_155' title='bbox 1316 2499 1421 2579; x_wconf 89' lang='lat' dir='ltr'><strong><em>primi</em></strong></span> <span class='ocrx_word' id='word_1_156' title='bbox 1441 2499 1669 2563; x_wconf 83' lang='lat' dir='ltr'><strong><em>merubranacei</em></strong></span> <span class='ocrx_word' id='word_1_157' title='bbox 1691 2501 1848 2580; x_wconf 86' lang='lat' dir='ltr'><strong><em>seriptum</em></strong></span> <span class='ocrx_word' id='word_1_158' title='bbox 1869 2524 1933 2566; x_wconf 77' lang='lat' dir='ltr'><strong><em>esse</em></strong></span> <span class='ocrx_word' id='word_1_159' title='bbox 1946 2503 2055 2566; x_wconf 80' lang='lat' dir='ltr'><strong><em>ridetur</em></strong></span> 
     </span>
     <span class='ocr_line' id='line_1_17' title="bbox 412 2601 2053 2686; baseline -0.001 -16"><span class='ocrx_word' id='word_1_160' title='bbox 412 2605 571 2686; x_wconf 73' lang='lat' dir='ltr'><strong><em>exemplar</em></strong></span> <span class='ocrx_word' id='word_1_161' title='bbox 592 2609 781 2681; x_wconf 87' lang='lat' dir='ltr'><strong><em>cartaccum,</em></strong></span> <span class='ocrx_word' id='word_1_162' title='bbox 804 2603 888 2683; x_wconf 82' lang='lat' dir='ltr'><strong><em>quod</em></strong></span> <span class='ocrx_word' id='word_1_163' title='bbox 908 2601 1010 2666; x_wconf 83' lang='lat' dir='ltr'><strong><em>svium</em></strong></span> <span class='ocrx_word' id='word_1_164' title='bbox 1031 2602 1122 2666; x_wconf 86' lang='lat' dir='ltr'><strong><em>bodie</em></strong></span> <span class='ocrx_word' id='word_1_165' title='bbox 1140 2607 1331 2666; x_wconf 81' lang='lat' dir='ltr'><strong><em>asservatur.</em></strong></span> <span class='ocrx_word' id='word_1_166' title='bbox 1376 2601 1480 2668; x_wconf 81' lang='lat' dir='ltr'><strong><em>Scrrbi</em></strong></span> <span class='ocrx_word' id='word_1_167' title='bbox 1500 2606 1625 2682; x_wconf 87' lang='lat' dir='ltr'><strong><em>coeptus</em></strong></span> <span class='ocrx_word' id='word_1_168' title='bbox 1647 2608 1693 2666; x_wconf 89' lang='lat' dir='ltr'><strong><em>est</em></strong></span> <span class='ocrx_word' id='word_1_169' title='bbox 1714 2603 1767 2668; x_wconf 86' lang='lat' dir='ltr'><strong><em>bie</em></strong></span> <span class='ocrx_word' id='word_1_170' title='bbox 1790 2603 1877 2682; x_wconf 85' lang='lat' dir='ltr'><strong><em>iiber,</em></strong></span> <span class='ocrx_word' id='word_1_171' title='bbox 1899 2607 1955 2686; x_wconf 78' lang='lat' dir='ltr'><strong><em>qni</em></strong></span> <span class='ocrx_word' id='word_1_172' title='bbox 1973 2608 2053 2670; x_wconf 86' lang='lat' dir='ltr'><strong><em>etion</em></strong></span> 
     </span>
     <span class='ocr_line' id='line_1_18' title="bbox 411 2705 2055 2790; baseline 0 -18"><span class='ocrx_word' id='word_1_173' title='bbox 411 2708 536 2772; x_wconf 76' lang='lat' dir='ltr'><strong><em>scendo</em></strong></span> <span class='ocrx_word' id='word_1_174' title='bbox 560 2707 637 2774; x_wconf 89' lang='lat' dir='ltr'><strong><em>XV.</em></strong></span> <span class='ocrx_word' id='word_1_175' title='bbox 660 2709 745 2772; x_wconf 91' lang='lat' dir='ltr'><strong><em>notis</em></strong></span> <span class='ocrx_word' id='word_1_176' title='bbox 765 2707 926 2771; x_wconf 88' lang='lat' dir='ltr'><strong><em>adauctus</em></strong></span> <span class='ocrx_word' id='word_1_177' title='bbox 948 2711 1007 2784; x_wconf 88' lang='lat' dir='ltr'><strong><em>est,</em></strong></span> <span class='ocrx_word' id='word_1_178' title='bbox 1037 2726 1122 2770; x_wconf 91' lang='lat' dir='ltr'><strong><em>anno</em></strong></span> <span class='ocrx_word' id='word_1_179' title='bbox 1145 2709 1246 2784; x_wconf 85' lang='lat'><strong><em>1373,</em></strong></span> <span class='ocrx_word' id='word_1_180' title='bbox 1269 2727 1341 2770; x_wconf 90' lang='lat' dir='ltr'><strong><em>cum</em></strong></span> <span class='ocrx_word' id='word_1_181' title='bbox 1362 2705 1493 2770; x_wconf 89' lang='lat' dir='ltr'><strong><em>nomina</em></strong></span> <span class='ocrx_word' id='word_1_182' title='bbox 1514 2726 1638 2786; x_wconf 84' lang='lat' dir='ltr'><strong><em>cvrum,</em></strong></span> <span class='ocrx_word' id='word_1_183' title='bbox 1661 2708 1720 2788; x_wconf 78' lang='lat' dir='ltr'><strong><em>qui</em></strong></span> <span class='ocrx_word' id='word_1_184' title='bbox 1741 2707 1799 2772; x_wconf 86' lang='lat' dir='ltr'><strong><em>boc</em></strong></span> <span class='ocrx_word' id='word_1_185' title='bbox 1821 2729 1907 2773; x_wconf 92' lang='lat' dir='ltr'><strong><em>anno</em></strong></span> <span class='ocrx_word' id='word_1_186' title='bbox 1928 2710 2055 2790; x_wconf 77' lang='lat' dir='ltr'><strong><em>defuncti</em></strong></span> 
     </span>
     <span class='ocr_line' id='line_1_19' title="bbox 411 2809 1682 2894; baseline -0.003 -17"><span class='ocrx_word' id='word_1_187' title='bbox 411 2818 496 2892; x_wconf 93' lang='lat' dir='ltr'><strong><em>sunt,</em></strong></span> <span class='ocrx_word' id='word_1_188' title='bbox 512 2813 638 2894; x_wconf 89' lang='lat' dir='ltr'><strong><em>partim</em></strong></span> <span class='ocrx_word' id='word_1_189' title='bbox 659 2833 760 2877; x_wconf 91' lang='lat' dir='ltr'><strong><em>manu</em></strong></span> <span class='ocrx_word' id='word_1_190' title='bbox 774 2811 896 2891; x_wconf 86' lang='lat' dir='ltr'><strong><em>prima,</em></strong></span> <span class='ocrx_word' id='word_1_191' title='bbox 913 2811 1038 2891; x_wconf 83' lang='lat' dir='ltr'><strong><em>partim</em></strong></span> <span class='ocrx_word' id='word_1_192' title='bbox 1059 2831 1081 2874; x_wconf 92' lang='grc' dir='ltr'><em>α</em></span> <span class='ocrx_word' id='word_1_193' title='bbox 1103 2811 1322 2874; x_wconf 87' lang='lat' dir='ltr'><strong><em>continuatore</em></strong></span> <span class='ocrx_word' id='word_1_194' title='bbox 1337 2811 1444 2890; x_wconf 89' lang='lat' dir='ltr'><strong><em>primo</em></strong></span> <span class='ocrx_word' id='word_1_195' title='bbox 1465 2809 1586 2890; x_wconf 82' lang='lat' dir='ltr'><strong><em>scripta</em></strong></span> <span class='ocrx_word' id='word_1_196' title='bbox 1606 2810 1682 2874; x_wconf 89' lang='lat' dir='ltr'><strong><em>sint.</em></strong></span> 
     </span>
    </p>

    <p class='ocr_par' dir='ltr' id='par_1_5' title="bbox 410 2930 2054 3621">
     <span class='ocr_line' id='line_1_20' title="bbox 514 2930 2052 3014; baseline -0.003 -13"><span class='ocrx_word' id='word_1_197' title='bbox 514 2939 545 3000; x_wconf 76' lang='lat'><strong><em>2.</em></strong></span> <span class='ocrx_word' id='word_1_198' title='bbox 581 2935 733 3000; x_wconf 85' lang='lat' dir='ltr'><strong><em>Recensio</em></strong></span> <span class='ocrx_word' id='word_1_199' title='bbox 758 2932 874 3011; x_wconf 78' lang='lat' dir='ltr'><strong><em>attera,</em></strong></span> <span class='ocrx_word' id='word_1_200' title='bbox 904 2953 986 3014; x_wconf 80' lang='lat' dir='ltr'><strong><em>quae</em></strong></span> <span class='ocrx_word' id='word_1_201' title='bbox 1011 2932 1146 2996; x_wconf 84' lang='lat' dir='ltr'><strong><em>bodico</em></strong></span> <span class='ocrx_word' id='word_1_202' title='bbox 1161 2931 1304 3012; x_wconf 88' lang='lat' dir='ltr'><strong><em>parocbo</em></strong></span> <span class='ocrx_word' id='word_1_203' title='bbox 1326 2930 1476 2996; x_wconf 87' lang='lat' dir='ltr'><strong><em>catboiico</em></strong></span> <span class='ocrx_word' id='word_1_204' title='bbox 1498 2931 1608 3012; x_wconf 72' lang='lat' dir='ltr'><strong><em>amridi</em></strong></span> <span class='ocrx_word' id='word_1_205' title='bbox 1630 2931 1858 2998; x_wconf 75' lang='lat' dir='ltr'><strong><em>Zureiacensrs</em></strong></span> <span class='ocrx_word' id='word_1_206' title='bbox 1879 2939 2052 3010; x_wconf 74' lang='lat' dir='ltr'><strong><em>assuatur,</em></strong></span> 
     </span>
     <span class='ocr_line' id='line_1_21' title="bbox 411 3035 2053 3116; baseline -0.002 -12"><span class='ocrx_word' id='word_1_207' title='bbox 411 3039 507 3104; x_wconf 72' lang='lat' dir='ltr'><strong><em>ccccc</em></strong></span> <span class='ocrx_word' id='word_1_208' title='bbox 528 3045 574 3103; x_wconf 84' lang='lat' dir='ltr'><strong><em>cst</em></strong></span> <span class='ocrx_word' id='word_1_209' title='bbox 595 3039 851 3104; x_wconf 89' lang='lat' dir='ltr'><strong><em>membranaceus</em></strong></span> <span class='ocrx_word' id='word_1_210' title='bbox 871 3037 1030 3101; x_wconf 79' lang='lat' dir='ltr'><strong><em>nmvimae</em></strong></span> <span class='ocrx_word' id='word_1_211' title='bbox 1051 3035 1182 3116; x_wconf 76' lang='lat' dir='ltr'><strong><em>formae.</em></strong></span> <span class='ocrx_word' id='word_1_212' title='bbox 1230 3036 1326 3116; x_wconf 77' lang='lat' dir='ltr'><strong><em>Quem</em></strong></span> <span class='ocrx_word' id='word_1_213' title='bbox 1349 3036 1436 3098; x_wconf 88' lang='lat' dir='ltr'><strong><em>circa</em></strong></span> <span class='ocrx_word' id='word_1_214' title='bbox 1457 3055 1579 3099; x_wconf 90' lang='lat' dir='ltr'><strong><em>annum</em></strong></span> <span class='ocrx_word' id='word_1_215' title='bbox 1598 3037 1685 3098; x_wconf 86' lang='grc'><strong><em>1380</em></strong></span> <span class='ocrx_word' id='word_1_216' title='bbox 1706 3036 1890 3101; x_wconf 89' lang='lat' dir='ltr'><strong><em>incboatnm</em></strong></span> <span class='ocrx_word' id='word_1_217' title='bbox 1911 3059 1972 3102; x_wconf 88' lang='lat' dir='ltr'><strong><em>esse</em></strong></span> <span class='ocrx_word' id='word_1_218' title='bbox 1991 3037 2053 3100; x_wconf 84' lang='lat' dir='ltr'><strong><em>inde</em></strong></span> 
     </span>
     <span class='ocr_line' id='line_1_22' title="bbox 411 3139 2053 3224; baseline 0 -18"><span class='ocrx_word' id='word_1_219' title='bbox 411 3149 554 3224; x_wconf 87' lang='lat' dir='ltr'><strong><em>apparet,</em></strong></span> <span class='ocrx_word' id='word_1_220' title='bbox 577 3144 662 3224; x_wconf 82' lang='lat' dir='ltr'><strong><em>quod</em></strong></span> <span class='ocrx_word' id='word_1_221' title='bbox 682 3148 759 3207; x_wconf 89' lang='lat' dir='ltr'><strong><em>nota</em></strong></span> <span class='ocrx_word' id='word_1_222' title='bbox 781 3142 962 3218; x_wconf 87' lang='lat' dir='ltr'><strong><em>novissima,</em></strong></span> <span class='ocrx_word' id='word_1_223' title='bbox 986 3141 1080 3203; x_wconf 81' lang='lat' dir='ltr'><strong><em>ccc-ius</em></strong></span> <span class='ocrx_word' id='word_1_224' title='bbox 1101 3144 1235 3203; x_wconf 86' lang='lat' dir='ltr'><strong><em>aetatem</em></strong></span> <span class='ocrx_word' id='word_1_225' title='bbox 1258 3139 1445 3221; x_wconf 73' lang='lat' dir='ltr'><strong><em>investiparc</em></strong></span> <span class='ocrx_word' id='word_1_226' title='bbox 1459 3159 1641 3220; x_wconf 83' lang='lat' dir='ltr'><strong><em>possumus,</em></strong></span> <span class='ocrx_word' id='word_1_227' title='bbox 1664 3161 1766 3204; x_wconf 90' lang='lat' dir='ltr'><strong><em>manu</em></strong></span> <span class='ocrx_word' id='word_1_228' title='bbox 1782 3143 1894 3222; x_wconf 87' lang='lat' dir='ltr'><strong><em>prima</em></strong></span> <span class='ocrx_word' id='word_1_229' title='bbox 1916 3143 2053 3222; x_wconf 71' lang='lat' dir='ltr'><strong><em>iuscripta</em></strong></span> 
     </span>
     <span class='ocr_line' id='line_1_23' title="bbox 411 3243 2052 3330; baseline -0.002 -19"><span class='ocrx_word' id='word_1_230' title='bbox 411 3248 463 3312; x_wconf 85' lang='lat' dir='ltr'><strong><em>dic</em></strong></span> <span class='ocrx_word' id='word_1_231' title='bbox 485 3251 535 3312; x_wconf 84' lang='lat'><strong><em>16.</em></strong></span> <span class='ocrx_word' id='word_1_232' title='bbox 559 3248 701 3330; x_wconf 68' lang='lat' dir='ltr'><strong><em>Armati</em></strong></span> <span class='ocrx_word' id='word_1_233' title='bbox 722 3267 808 3311; x_wconf 91' lang='lat' dir='ltr'><strong><em>anno</em></strong></span> <span class='ocrx_word' id='word_1_234' title='bbox 831 3248 916 3310; x_wconf 79' lang='lat'><em>1378</em></span> <span class='ocrx_word' id='word_1_235' title='bbox 937 3245 1102 3324; x_wconf 88' lang='lat' dir='ltr'><strong><em>adscripta</em></strong></span> <span class='ocrx_word' id='word_1_236' title='bbox 1124 3247 1182 3320; x_wconf 90' lang='lat' dir='ltr'><strong><em>cst,</em></strong></span> <span class='ocrx_word' id='word_1_237' title='bbox 1212 3248 1242 3306; x_wconf 90' lang='lat' dir='ltr'><strong><em>et</em></strong></span> <span class='ocrx_word' id='word_1_238' title='bbox 1262 3263 1375 3308; x_wconf 85' lang='lat' dir='ltr'><strong><em>nornen</em></strong></span> <span class='ocrx_word' id='word_1_239' title='bbox 1390 3244 1551 3323; x_wconf 88' lang='lat' dir='ltr'><strong><em>primum,</em></strong></span> <span class='ocrx_word' id='word_1_240' title='bbox 1573 3243 1659 3325; x_wconf 76' lang='lat' dir='ltr'><strong><em>qcrod</em></strong></span> <span class='ocrx_word' id='word_1_241' title='bbox 1680 3246 1898 3310; x_wconf 74' lang='lat' dir='ltr'><strong><em>continuatori</em></strong></span> <span class='ocrx_word' id='word_1_242' title='bbox 1919 3243 2052 3322; x_wconf 64' lang='lat' dir='ltr'><strong><em>debeam</em></strong></span> 
     </span>
     <span class='ocr_line' id='line_1_24' title="bbox 412 3346 2054 3433; baseline -0.001 -18"><span class='ocrx_word' id='word_1_243' title='bbox 412 3352 463 3415; x_wconf 90' lang='lat' dir='ltr'><strong><em>dic</em></strong></span> <span class='ocrx_word' id='word_1_244' title='bbox 485 3354 535 3416; x_wconf 88' lang='lat'><strong><em>12.</em></strong></span> <span class='ocrx_word' id='word_1_245' title='bbox 559 3351 701 3433; x_wconf 68' lang='lat' dir='ltr'><strong><em>Aupnsti</em></strong></span> <span class='ocrx_word' id='word_1_246' title='bbox 727 3352 921 3414; x_wconf 78' lang='lat' dir='ltr'><strong><em>ann01382</em></strong></span> <span class='ocrx_word' id='word_1_247' title='bbox 947 3349 1099 3412; x_wconf 87' lang='lat' dir='ltr'><strong><em>addidit.¹</em></strong></span> <span class='ocrx_word' id='word_1_248' title='bbox 1146 3346 1211 3411; x_wconf 92' lang='lat' dir='ltr'><strong><em>Hic</em></strong></span> <span class='ocrx_word' id='word_1_249' title='bbox 1238 3348 1347 3426; x_wconf 79' lang='lat' dir='ltr'><strong><em>codar,</em></strong></span> <span class='ocrx_word' id='word_1_250' title='bbox 1379 3349 1473 3410; x_wconf 75' lang='lat' dir='ltr'><strong><em>enices</em></strong></span> <span class='ocrx_word' id='word_1_251' title='bbox 1498 3346 1611 3428; x_wconf 78' lang='lat' dir='ltr'><strong><em>folium</em></strong></span> <span class='ocrx_word' id='word_1_252' title='bbox 1634 3350 1783 3429; x_wconf 86' lang='lat' dir='ltr'><strong><em>primurn</em></strong></span> <span class='ocrx_word' id='word_1_253' title='bbox 1810 3351 1893 3414; x_wconf 82' lang='lat' dir='ltr'><strong><em>deest</em></strong></span> <span class='ocrx_word' id='word_1_254' title='bbox 1919 3351 2054 3431; x_wconf 80' lang='lat' dir='ltr'><strong><em>cuiusque</em></strong></span> 
     </span>
     <span class='ocr_line' id='line_1_25' title="bbox 410 3451 2053 3535; baseline -0.002 -16"><span class='ocrx_word' id='word_1_255' title='bbox 410 3455 488 3535; x_wconf 74' lang='lat' dir='ltr'><strong><em>finis</em></strong></span> <span class='ocrx_word' id='word_1_256' title='bbox 514 3455 625 3532; x_wconf 79' lang='lat' dir='ltr'><strong><em>otram,</em></strong></span> <span class='ocrx_word' id='word_1_257' title='bbox 655 3459 693 3518; x_wconf 93' lang='lat' dir='ltr'><strong><em>ut</em></strong></span> <span class='ocrx_word' id='word_1_258' title='bbox 717 3454 796 3535; x_wconf 76' lang='lat' dir='ltr'><strong><em>finis</em></strong></span> <span class='ocrx_word' id='word_1_259' title='bbox 817 3453 934 3517; x_wconf 90' lang='lat' dir='ltr'><strong><em>codicis</em></strong></span> <span class='ocrx_word' id='word_1_260' title='bbox 955 3452 1001 3530; x_wconf 87' lang='lat' dir='ltr'><strong><em>A,</em></strong></span> <span class='ocrx_word' id='word_1_261' title='bbox 1032 3452 1137 3516; x_wconf 89' lang='lat' dir='ltr'><strong><em>iudice</em></strong></span> <span class='ocrx_word' id='word_1_262' title='bbox 1158 3472 1310 3516; x_wconf 72' lang='lat' dir='ltr'><strong><em>cernuum</em></strong></span> <span class='ocrx_word' id='word_1_263' title='bbox 1331 3452 1622 3517; x_wconf 85' lang='lat' dir='ltr'><strong><em>anniversariorum</em></strong></span> <span class='ocrx_word' id='word_1_264' title='bbox 1645 3451 1805 3532; x_wconf 74' lang='lat' dir='ltr'><strong><em>capietur,</em></strong></span> <span class='ocrx_word' id='word_1_265' title='bbox 1834 3475 1898 3518; x_wconf 77' lang='lat' dir='ltr'><strong><em>ussi</em></strong></span> <span class='ocrx_word' id='word_1_266' title='bbox 1919 3454 2053 3517; x_wconf 69' lang='lat' dir='ltr'><strong><em>durbano</em></strong></span> 
     </span>
     <span class='ocr_line' id='line_1_26' title="bbox 410 3556 736 3621; baseline -0.006 0"><span class='ocrx_word' id='word_1_267' title='bbox 410 3556 501 3621; x_wconf 87' lang='lat' dir='ltr'><strong><em>valde</em></strong></span> <span class='ocrx_word' id='word_1_268' title='bbox 523 3558 660 3621; x_wconf 81' lang='lat' dir='ltr'><strong><em>detritus</em></strong></span> <span class='ocrx_word' id='word_1_269' title='bbox 682 3563 736 3620; x_wconf 89' lang='lat' dir='ltr'><strong><em>est.</em></strong></span> 
     </span>
    </p>

    <p class='ocr_par' dir='ltr' id='par_1_6' title="bbox 410 3659 2054 4156">
     <span class='ocr_line' id='line_1_27' title="bbox 521 3659 2053 3742; baseline 0.001 -20"><span class='ocrx_word' id='word_1_270' title='bbox 521 3661 722 3742; x_wconf 78' lang='lat' dir='ltr'><strong><em>Qrcamqrcam</em></strong></span> <span class='ocrx_word' id='word_1_271' title='bbox 743 3665 837 3723; x_wconf 88' lang='lat' dir='ltr'><strong><em>notae</em></strong></span> <span class='ocrx_word' id='word_1_272' title='bbox 858 3659 929 3723; x_wconf 82' lang='lat' dir='ltr'><strong><em>cius</em></strong></span> <span class='ocrx_word' id='word_1_273' title='bbox 949 3680 1050 3724; x_wconf 89' lang='lat' dir='ltr'><strong><em>manu</em></strong></span> <span class='ocrx_word' id='word_1_274' title='bbox 1065 3660 1178 3740; x_wconf 91' lang='lat' dir='ltr'><strong><em>prima</em></strong></span> <span class='ocrx_word' id='word_1_275' title='bbox 1198 3659 1337 3739; x_wconf 85' lang='lat' dir='ltr'><strong><em>scriptae</em></strong></span> <span class='ocrx_word' id='word_1_276' title='bbox 1358 3680 1429 3722; x_wconf 89' lang='lat' dir='ltr'><strong><em>cnm</em></strong></span> <span class='ocrx_word' id='word_1_277' title='bbox 1451 3659 1535 3724; x_wconf 90' lang='lat' dir='ltr'><strong><em>notis</em></strong></span> <span class='ocrx_word' id='word_1_278' title='bbox 1556 3659 1673 3724; x_wconf 88' lang='lat' dir='ltr'><strong><em>codicis</em></strong></span> <span class='ocrx_word' id='word_1_279' title='bbox 1685 3659 1720 3722; x_wconf 89' lang='lat' dir='ltr'><strong><em>A</em></strong></span> <span class='ocrx_word' id='word_1_280' title='bbox 1734 3681 1841 3740; x_wconf 88' lang='lat' dir='ltr'><strong><em>paene</em></strong></span> <span class='ocrx_word' id='word_1_281' title='bbox 1862 3681 1977 3742; x_wconf 74' lang='lat' dir='ltr'><strong><em>smper</em></strong></span> <span class='ocrx_word' id='word_1_282' title='bbox 1995 3679 2053 3724; x_wconf 84' lang='lat' dir='ltr'><strong><em>con-</em></strong></span> 
     </span>
     <span class='ocr_line' id='line_1_28' title="bbox 410 3761 2053 3846; baseline -0.001 -19"><span class='ocrx_word' id='word_1_283' title='bbox 410 3769 545 3846; x_wconf 75' lang='lat' dir='ltr'><strong><em>arnunt,</em></strong></span> <span class='ocrx_word' id='word_1_284' title='bbox 576 3762 659 3827; x_wconf 83' lang='lat' dir='ltr'><strong><em>banc</em></strong></span> <span class='ocrx_word' id='word_1_285' title='bbox 684 3765 893 3827; x_wconf 69' lang='lat' dir='ltr'><strong><em>rccussionem</em></strong></span> <span class='ocrx_word' id='word_1_286' title='bbox 920 3762 1069 3840; x_wconf 85' lang='lat' dir='ltr'><strong><em>alteram,</em></strong></span> <span class='ocrx_word' id='word_1_287' title='bbox 1101 3784 1122 3825; x_wconf 93' lang='grc' dir='ltr'><em>α</em></span> <span class='ocrx_word' id='word_1_288' title='bbox 1149 3784 1197 3826; x_wconf 84' lang='lat' dir='ltr'><strong><em>mc</em></strong></span> <span class='ocrx_word' id='word_1_289' title='bbox 1218 3762 1254 3826; x_wconf 82' lang='lat' dir='ltr'><em>B</em></span> <span class='ocrx_word' id='word_1_290' title='bbox 1278 3767 1513 3842; x_wconf 87' lang='lat' dir='ltr'><strong><em>nuncupatam,</em></strong></span> <span class='ocrx_word' id='word_1_291' title='bbox 1543 3761 1702 3842; x_wconf 74' lang='lat' dir='ltr'><strong><em>eccunplar</em></strong></span> <span class='ocrx_word' id='word_1_292' title='bbox 1729 3785 1796 3827; x_wconf 89' lang='lat' dir='ltr'><strong><em>csse</em></strong></span> <span class='ocrx_word' id='word_1_293' title='bbox 1818 3765 1934 3829; x_wconf 81' lang='lat' dir='ltr'><strong><em>codicis</em></strong></span> <span class='ocrx_word' id='word_1_294' title='bbox 1954 3765 1984 3828; x_wconf 90' lang='lat' dir='ltr'><strong><em>A</em></strong></span> <span class='ocrx_word' id='word_1_295' title='bbox 2001 3784 2053 3826; x_wconf 85' lang='lat' dir='ltr'><strong><em>non</em></strong></span> 
     </span>
     <span class='ocr_line' id='line_1_29' title="bbox 412 3867 2053 3950; baseline -0.001 -19"><span class='ocrx_word' id='word_1_296' title='bbox 412 3868 515 3945; x_wconf 88' lang='lat' dir='ltr'><strong><em>eredo,</em></strong></span> <span class='ocrx_word' id='word_1_297' title='bbox 538 3888 611 3931; x_wconf 88' lang='lat' dir='ltr'><strong><em>cum</em></strong></span> <span class='ocrx_word' id='word_1_298' title='bbox 632 3868 668 3931; x_wconf 93' lang='lat' dir='ltr'><strong><em>in</em></strong></span> <span class='ocrx_word' id='word_1_299' title='bbox 690 3889 727 3931; x_wconf 91' lang='lat' dir='ltr'><strong><em>ea</em></strong></span> <span class='ocrx_word' id='word_1_300' title='bbox 748 3869 865 3932; x_wconf 83' lang='lat' dir='ltr'><strong><em>notas²</em></strong></span> <span class='ocrx_word' id='word_1_301' title='bbox 885 3867 1059 3931; x_wconf 81' lang='lat' dir='ltr'><strong><em>nonnullas</em></strong></span> <span class='ocrx_word' id='word_1_302' title='bbox 1080 3868 1294 3945; x_wconf 79' lang='lat' dir='ltr'><strong><em>inveniamus,</em></strong></span> <span class='ocrx_word' id='word_1_303' title='bbox 1316 3887 1398 3947; x_wconf 76' lang='lat' dir='ltr'><strong><em>arrae</em></strong></span> <span class='ocrx_word' id='word_1_304' title='bbox 1419 3869 1456 3931; x_wconf 87' lang='lat' dir='ltr'><strong><em>in</em></strong></span> <span class='ocrx_word' id='word_1_305' title='bbox 1476 3868 1579 3931; x_wconf 89' lang='lat' dir='ltr'><strong><em>codiee</em></strong></span> <span class='ocrx_word' id='word_1_306' title='bbox 1600 3867 1633 3931; x_wconf 92' lang='lat' dir='ltr'><strong><em>A</em></strong></span> <span class='ocrx_word' id='word_1_307' title='bbox 1656 3869 1897 3947; x_wconf 84' lang='lat' dir='ltr'><strong><em>desiderantur,</em></strong></span> <span class='ocrx_word' id='word_1_308' title='bbox 1918 3867 2053 3950; x_wconf 78' lang='lat' dir='ltr'><strong><em>qrrmnvb</em></strong></span> 
     </span>
     <span class='ocr_line' id='line_1_30' title="bbox 410 3969 2054 4052; baseline -0.002 -16"><span class='ocrx_word' id='word_1_309' title='bbox 410 3993 477 4036; x_wconf 90' lang='lat' dir='ltr'><strong><em>rem</em></strong></span> <span class='ocrx_word' id='word_1_310' title='bbox 499 3970 577 4035; x_wconf 89' lang='lat' dir='ltr'><strong><em>liber</em></strong></span> <span class='ocrx_word' id='word_1_311' title='bbox 590 3969 626 4033; x_wconf 89' lang='lat' dir='ltr'><em>B</em></span> <span class='ocrx_word' id='word_1_312' title='bbox 646 3993 746 4052; x_wconf 80' lang='lat' dir='ltr'><strong><em>rosque</em></strong></span> <span class='ocrx_word' id='word_1_313' title='bbox 768 3973 804 4036; x_wconf 91' lang='lat' dir='ltr'><strong><em>in</em></strong></span> <span class='ocrx_word' id='word_1_314' title='bbox 825 3971 987 4036; x_wconf 82' lang='lat' dir='ltr'><strong><em>scendum</em></strong></span> <span class='ocrx_word' id='word_1_315' title='bbox 1004 3970 1140 4035; x_wconf 87' lang='lat' dir='ltr'><em>XVIII.</em></span> <span class='ocrx_word' id='word_1_316' title='bbox 1160 3971 1367 4035; x_wconf 88' lang='lat' dir='ltr'><strong><em>continuatus</em></strong></span> <span class='ocrx_word' id='word_1_317' title='bbox 1384 3992 1423 4034; x_wconf 83' lang='lat' dir='ltr'><strong><em>ea</em></strong></span> <span class='ocrx_word' id='word_1_318' title='bbox 1437 3971 1540 4035; x_wconf 86' lang='lat' dir='ltr'><strong><em>codice</em></strong></span> <span class='ocrx_word' id='word_1_319' title='bbox 1553 3991 1640 4034; x_wconf 89' lang='lat' dir='ltr'><strong><em>nnnc</em></strong></span> <span class='ocrx_word' id='word_1_320' title='bbox 1655 3973 1783 4050; x_wconf 74' lang='lat' dir='ltr'><strong><em>amissa</em></strong></span> <span class='ocrx_word' id='word_1_321' title='bbox 1807 3975 1901 4038; x_wconf 73' lang='lat' dir='ltr'><strong><em>cernes</em></strong></span> <span class='ocrx_word' id='word_1_322' title='bbox 1915 3971 2054 4052; x_wconf 74' lang='lat' dir='ltr'><strong><em>menudar</em></strong></span> 
     </span>
     <span class='ocr_line' id='line_1_31' title="bbox 410 4075 1120 4156; baseline -0.003 -16"><span class='ocrx_word' id='word_1_323' title='bbox 410 4077 445 4140; x_wconf 89' lang='lat' dir='ltr'><strong><em>A</em></strong></span> <span class='ocrx_word' id='word_1_324' title='bbox 467 4081 521 4154; x_wconf 87' lang='lat' dir='ltr'><strong><em>est,</em></strong></span> <span class='ocrx_word' id='word_1_325' title='bbox 544 4075 776 4156; x_wconf 89' lang='lat' dir='ltr'><strong><em>transscriptus</em></strong></span> <span class='ocrx_word' id='word_1_326' title='bbox 799 4097 863 4140; x_wconf 88' lang='lat' dir='ltr'><strong><em>esse</em></strong></span> <span class='ocrx_word' id='word_1_327' title='bbox 884 4076 965 4139; x_wconf 88' lang='lat' dir='ltr'><strong><em>mibi</em></strong></span> <span class='ocrx_word' id='word_1_328' title='bbox 986 4076 1120 4138; x_wconf 88' lang='lat' dir='ltr'><strong><em>videtvr.</em></strong></span> 
     </span>
    </p>
   </div>
   <div class='ocr_carea' id='block_1_4' title="bbox 515 4169 2166 4259">
    <p class='ocr_par' dir='ltr' id='par_1_7' title="bbox 515 4169 2166 4259">
     <span class='ocr_line' id='line_1_32' title="bbox 515 4169 2166 4259; baseline -0.004 -15"><span class='ocrx_word' id='word_1_329' title='bbox 515 4179 619 4244; x_wconf 90' lang='lat' dir='ltr'><strong><em>Notas</em></strong></span> <span class='ocrx_word' id='word_1_330' title='bbox 640 4181 677 4243; x_wconf 90' lang='lat' dir='ltr'><strong><em>in</em></strong></span> <span class='ocrx_word' id='word_1_331' title='bbox 698 4179 857 4244; x_wconf 74' lang='lat' dir='ltr'><strong><em>codicibus</em></strong></span> <span class='ocrx_word' id='word_1_332' title='bbox 878 4179 911 4243; x_wconf 93' lang='lat' dir='ltr'><strong><em>A</em></strong></span> <span class='ocrx_word' id='word_1_333' title='bbox 933 4184 963 4243; x_wconf 89' lang='lat' dir='ltr'><strong><em>et</em></strong></span> <span class='ocrx_word' id='word_1_334' title='bbox 984 4179 1019 4242; x_wconf 91' lang='lat' dir='ltr'><em>B</em></span> <span class='ocrx_word' id='word_1_335' title='bbox 1040 4199 1139 4242; x_wconf 87' lang='lat' dir='ltr'><strong><em>nmnu</em></strong></span> <span class='ocrx_word' id='word_1_336' title='bbox 1154 4179 1267 4259; x_wconf 87' lang='lat' dir='ltr'><strong><em>prima</em></strong></span> <span class='ocrx_word' id='word_1_337' title='bbox 1288 4178 1425 4257; x_wconf 71' lang='lat' dir='ltr'><strong><em>scriptas</em></strong></span> <span class='ocrx_word' id='word_1_338' title='bbox 1445 4177 1497 4240; x_wconf 87' lang='lat' dir='ltr'><strong><em>bic</em></strong></span> <span class='ocrx_word' id='word_1_339' title='bbox 1519 4175 1620 4240; x_wconf 84' lang='lat' dir='ltr'><strong><em>literis</em></strong></span> <span class='ocrx_word' id='word_1_340' title='bbox 1641 4179 1796 4258; x_wconf 86' lang='lat' dir='ltr'><strong><em>minutis,</em></strong></span> <span class='ocrx_word' id='word_1_341' title='bbox 1820 4180 2052 4244; x_wconf 79' lang='lat' dir='ltr'><strong><em>continuatrbnes</em></strong></span> <span class='ocrx_word' id='word_1_342' title='bbox 2163 4169 2166 4176; x_wconf 77' lang='grc'><strong><em>’</em></strong></span> 
     </span>
    </p>
   </div>
   <div class='ocr_carea' id='block_1_5' title="bbox 411 4282 2089 4369">
    <p class='ocr_par' dir='ltr' id='par_1_8' title="bbox 411 4282 2089 4369">
     <span class='ocr_line' id='line_1_33' title="bbox 411 4282 2089 4369; baseline 0.001 -22"><span class='ocrx_word' id='word_1_343' title='bbox 411 4289 518 4348; x_wconf 90' lang='lat' dir='ltr'><strong><em>autem</em></strong></span> <span class='ocrx_word' id='word_1_344' title='bbox 538 4283 737 4349; x_wconf 79' lang='lat' dir='ltr'><strong><em>saceuiomrm</em></strong></span> <span class='ocrx_word' id='word_1_345' title='bbox 761 4282 858 4347; x_wconf 85' lang='lat' dir='ltr'><em>XIV.</em></span> <span class='ocrx_word' id='word_1_346' title='bbox 883 4284 1026 4348; x_wconf 77' lang='lat' dir='ltr'><strong><em>exeuntis</em></strong></span> <span class='ocrx_word' id='word_1_347' title='bbox 1048 4287 1078 4346; x_wconf 91' lang='lat' dir='ltr'><strong><em>et</em></strong></span> <span class='ocrx_word' id='word_1_348' title='bbox 1101 4282 1178 4347; x_wconf 91' lang='lat' dir='ltr'><strong><em>XV.</em></strong></span> <span class='ocrx_word' id='word_1_349' title='bbox 1202 4282 1304 4347; x_wconf 79' lang='lat' dir='ltr'><strong><em>biteris</em></strong></span> <span class='ocrx_word' id='word_1_350' title='bbox 1325 4283 1459 4347; x_wconf 89' lang='lat' dir='ltr'><strong><em>minutis</em></strong></span> <span class='ocrx_word' id='word_1_351' title='bbox 1481 4282 1580 4346; x_wconf 72' lang='lat' dir='ltr'><strong><em>latirus</em></strong></span> <span class='ocrx_word' id='word_1_352' title='bbox 1601 4283 1767 4364; x_wconf 70' lang='lat' dir='ltr'><strong><em>dispesitis</em></strong></span> <span class='ocrx_word' id='word_1_353' title='bbox 1789 4285 1934 4350; x_wconf 68' lang='lat' dir='ltr'><strong><em>distinxi.</em></strong></span> <span class='ocrx_word' id='word_1_354' title='bbox 2082 4355 2089 4369; x_wconf 53' lang='lat'>‚</span> 
     </span>
    </p>
   </div>
   <div class='ocr_carea' id='block_1_6' title="bbox 1103 4579 1382 4655">
    <p class='ocr_par' dir='ltr' id='par_1_9' title="bbox 1103 4579 1382 4655">
     <span class='ocr_line' id='line_1_34' title="bbox 1103 4579 1382 4655; baseline 0.007 -2"><span class='ocrx_word' id='word_1_355' title='bbox 1103 4579 1382 4655; x_wconf 84' lang='lat' dir='ltr'><strong><em>IANUARIUS.</em></strong></span> 
     </span>
    </p>
   </div>
   <div class='ocr_carea' id='block_1_7' title="bbox 427 4711 1500 4956">
    <p class='ocr_par' dir='ltr' id='par_1_10' title="bbox 427 4711 1500 4956">
     <span class='ocr_line' id='line_1_35' title="bbox 427 4711 1297 4781; baseline 0 -16"><span class='ocrx_word' id='word_1_356' title='bbox 427 4713 453 4766; x_wconf 78' lang='lat'><strong><em>2.</em></strong></span> <span class='ocrx_word' id='word_1_357' title='bbox 522 4711 560 4766; x_wconf 90' lang='lat' dir='ltr'><strong><em>lV</em></strong></span> <span class='ocrx_word' id='word_1_358' title='bbox 579 4729 645 4766; x_wconf 86' lang='lat' dir='ltr'><strong><em>non.</em></strong></span> <span class='ocrx_word' id='word_1_359' title='bbox 674 4711 807 4766; x_wconf 78' lang='lat' dir='ltr'><strong><em>Albertus</em></strong></span> <span class='ocrx_word' id='word_1_360' title='bbox 825 4712 859 4765; x_wconf 89' lang='lat' dir='ltr'><strong><em>de</em></strong></span> <span class='ocrx_word' id='word_1_361' title='bbox 878 4712 1026 4781; x_wconf 83' lang='lat' dir='ltr'><strong><em>Endingen</em></strong></span> <span class='ocrx_word' id='word_1_362' title='bbox 1045 4715 1074 4765; x_wconf 79' lang='lat' dir='ltr'><strong><em>et</em></strong></span> <span class='ocrx_word' id='word_1_363' title='bbox 1092 4712 1297 4768; x_wconf 80' lang='lat' dir='ltr'><strong><em>Methth....⁸</em></strong></span> 
     </span>
     <span class='ocr_line' id='line_1_36' title="bbox 428 4797 1444 4866; baseline 0 -15"><span class='ocrx_word' id='word_1_364' title='bbox 428 4801 452 4852; x_wconf 86' lang='lat'><strong><em>3.</em></strong></span> <span class='ocrx_word' id='word_1_365' title='bbox 519 4799 642 4852; x_wconf 79' lang='lat'>11111011.</span> <span class='ocrx_word' id='word_1_366' title='bbox 670 4799 868 4866; x_wconf 78' lang='lat' dir='ltr'>Ann01313·)</span> <span class='ocrx_word' id='word_1_367' title='bbox 887 4798 931 4854; x_wconf 92' lang='lat' dir='ltr'><strong><em>ob.</em></strong></span> <span class='ocrx_word' id='word_1_368' title='bbox 961 4797 1109 4851; x_wconf 83' lang='lat' dir='ltr'><strong><em>Bertoldus</em></strong></span> <span class='ocrx_word' id='word_1_369' title='bbox 1127 4798 1185 4852; x_wconf 86' lang='lat' dir='ltr'><strong><em>dee.</em></strong></span> <span class='ocrx_word' id='word_1_370' title='bbox 1205 4798 1288 4852; x_wconf 86' lang='lat' dir='ltr'><strong><em>huius</em></strong></span> <span class='ocrx_word' id='word_1_371' title='bbox 1307 4797 1444 4851; x_wconf 84' lang='lat' dir='ltr'><strong><em>ecclesie.⁴</em></strong></span> 
     </span>
     <span class='ocr_line' id='line_1_37' title="bbox 428 4884 1500 4956; baseline 0 -18"><span class='ocrx_word' id='word_1_372' title='bbox 428 4886 453 4938; x_wconf 86' lang='grc'><strong><em>4.</em></strong></span> <span class='ocrx_word' id='word_1_373' title='bbox 533 4886 560 4938; x_wconf 92' lang='lat' dir='ltr'><strong><em>Il</em></strong></span> <span class='ocrx_word' id='word_1_374' title='bbox 579 4903 643 4940; x_wconf 87' lang='lat' dir='ltr'><strong><em>non.</em></strong></span> <span class='ocrx_word' id='word_1_375' title='bbox 672 4884 828 4939; x_wconf 78' lang='lat' dir='ltr'><strong><em>Katherinu</em></strong></span> <span class='ocrx_word' id='word_1_376' title='bbox 845 4884 949 4938; x_wconf 85' lang='lat' dir='ltr'><strong><em>nobilis</em></strong></span> <span class='ocrx_word' id='word_1_377' title='bbox 967 4903 1037 4939; x_wconf 82' lang='lat' dir='ltr'><strong><em>uxor</em></strong></span> <span class='ocrx_word' id='word_1_378' title='bbox 1055 4885 1168 4939; x_wconf 75' lang='lat' dir='ltr'><strong><em>Lotoldi</em></strong></span> <span class='ocrx_word' id='word_1_379' title='bbox 1187 4885 1222 4939; x_wconf 86' lang='lat' dir='ltr'><strong><em>de</em></strong></span> <span class='ocrx_word' id='word_1_380' title='bbox 1240 4885 1423 4956; x_wconf 80' lang='lat' dir='ltr'><strong><em>Krenkingen</em></strong></span> <span class='ocrx_word' id='word_1_381' title='bbox 1441 4884 1500 4938; x_wconf 63' lang='lat' dir='ltr'><strong><em>ob.⁸</em></strong></span> 
     </span>
    </p>
   </div>
   <div class='ocr_carea' id='block_1_8' title="bbox 516 5095 702 5162">
    <p class='ocr_par' dir='ltr' id='par_1_11' title="bbox 516 5095 702 5162">
     <span class='ocr_line' id='line_1_38' title="bbox 516 5095 702 5162; baseline 0 -16"><span class='ocrx_word' id='word_1_382' title='bbox 516 5097 541 5162; x_wconf 81' lang='lat'><strong><em>·)</em></strong></span> <span class='ocrx_word' id='word_1_383' title='bbox 561 5095 614 5146; x_wconf 78' lang='lat' dir='ltr'><strong><em>Aa</em></strong></span> <span class='ocrx_word' id='word_1_384' title='bbox 632 5098 702 5147; x_wconf 82' lang='lat'><strong><em>1322.</em></strong></span> 
     </span>
    </p>
   </div>
   <div class='ocr_carea' id='block_1_9' title="bbox 412 5223 2051 5734">
    <p class='ocr_par' dir='ltr' id='par_1_12' title="bbox 412 5223 2051 5734">
     <span class='ocr_line' id='line_1_39' title="bbox 515 5223 2051 5300; baseline -0.001 -16"><span class='ocrx_word' id='word_1_385' title='bbox 515 5234 538 5298; x_wconf 87' lang='grc' dir='ltr'><strong><em>ι)</em></strong></span> <span class='ocrx_word' id='word_1_386' title='bbox 561 5231 610 5287; x_wconf 86' lang='lat' dir='ltr'><strong><em>Vir</em></strong></span> <span class='ocrx_word' id='word_1_387' title='bbox 629 5229 786 5286; x_wconf 75' lang='lat' dir='ltr'><strong><em>reverutdns</em></strong></span> <span class='ocrx_word' id='word_1_388' title='bbox 803 5231 912 5298; x_wconf 86' lang='lat' dir='ltr'><strong><em>Huber,</em></strong></span> <span class='ocrx_word' id='word_1_389' title='bbox 931 5231 1102 5300; x_wconf 78' lang='lat' dir='ltr'><strong><em>praepositus</em></strong></span> <span class='ocrx_word' id='word_1_390' title='bbox 1118 5230 1305 5284; x_wconf 69' lang='lat' dir='ltr'><strong><em>birriacmsis</em></strong></span> <span class='ocrx_word' id='word_1_391' title='bbox 1326 5229 1450 5296; x_wconf 70' lang='lat' dir='ltr'><strong><em>esitium,</em></strong></span> <span class='ocrx_word' id='word_1_392' title='bbox 1475 5244 1537 5282; x_wconf 78' lang='lat' dir='ltr'><strong><em>urm</em></strong></span> <span class='ocrx_word' id='word_1_393' title='bbox 1557 5229 1589 5282; x_wconf 90' lang='lat' dir='ltr'><strong><em>in</em></strong></span> <span class='ocrx_word' id='word_1_394' title='bbox 1613 5227 1679 5282; x_wconf 80' lang='lat' dir='ltr'><strong><em>bbrv</em></strong></span> <span class='ocrx_word' id='word_1_395' title='bbox 1695 5244 1745 5282; x_wconf 76' lang='lat' dir='ltr'><strong><em>sico</em></strong></span> <span class='ocrx_word' id='word_1_396' title='bbox 1762 5227 1839 5296; x_wconf 88' lang='lat' dir='ltr'><strong><em>„Dic</em></strong></span> <span class='ocrx_word' id='word_1_397' title='bbox 1861 5227 2000 5284; x_wconf 77' lang='lat' dir='ltr'><strong><em>Urbunden</em></strong></span> <span class='ocrx_word' id='word_1_398' title='bbox 2016 5223 2051 5276; x_wconf 66' lang='lat' dir='ltr'><strong><em>da</em></strong></span> 
     </span>
     <span class='ocr_line' id='line_1_40' title="bbox 412 5315 2050 5386; baseline -0.002 -18"><span class='ocrx_word' id='word_1_399' title='bbox 412 5315 499 5382; x_wconf 69' lang='lat' dir='ltr'><strong><em>Stilus</em></strong></span> <span class='ocrx_word' id='word_1_400' title='bbox 515 5317 656 5371; x_wconf 67' lang='lat' dir='ltr'><strong><em>acuar</em></strong></span> <span class='ocrx_word' id='word_1_401' title='bbox 674 5333 735 5386; x_wconf 76' lang='lat' dir='ltr'><strong><em>pap.</em></strong></span> <span class='ocrx_word' id='word_1_402' title='bbox 754 5324 906 5384; x_wconf 69' lang='lat' dir='ltr'><strong><em>ccc—449,</em></strong></span> <span class='ocrx_word' id='word_1_403' title='bbox 930 5317 962 5369; x_wconf 86' lang='lat' dir='ltr'><strong><em>in</em></strong></span> <span class='ocrx_word' id='word_1_404' title='bbox 983 5333 1036 5384; x_wconf 77' lang='lat' dir='ltr'><strong><em>qno</em></strong></span> <span class='ocrx_word' id='word_1_405' title='bbox 1053 5318 1181 5386; x_wconf 65' lang='lat' dir='ltr'><strong><em>medorum</em></strong></span> <span class='ocrx_word' id='word_1_406' title='bbox 1197 5317 1282 5370; x_wconf 66' lang='lat' dir='ltr'><strong><em>burins</em></strong></span> <span class='ocrx_word' id='word_1_407' title='bbox 1298 5315 1457 5369; x_wconf 75' lang='lat' dir='ltr'><strong><em>recursionis</em></strong></span> <span class='ocrx_word' id='word_1_408' title='bbox 1475 5315 1557 5369; x_wconf 85' lang='lat' dir='ltr'><strong><em>edidit</em></strong></span> <span class='ocrx_word' id='word_1_409' title='bbox 1562 5356 1571 5382; x_wconf 92' lang='lat'><strong><em>,</em></strong></span> <span class='ocrx_word' id='word_1_410' title='bbox 1596 5315 1788 5370; x_wconf 76' lang='lat' dir='ltr'><strong><em>Hmnannunr</em></strong></span> <span class='ocrx_word' id='word_1_411' title='bbox 1805 5315 1837 5370; x_wconf 88' lang='lat' dir='ltr'><strong><em>de</em></strong></span> <span class='ocrx_word' id='word_1_412' title='bbox 1856 5316 1926 5371; x_wconf 73' lang='lat' dir='ltr'><strong><em>Rau</em></strong></span> <span class='ocrx_word' id='word_1_413' title='bbox 1942 5315 2050 5368; x_wconf 75' lang='lat' dir='ltr'><strong><em>demnas</em></strong></span> 
     </span>
     <span class='ocr_line' id='line_1_41' title="bbox 412 5401 2050 5472; baseline 0 -18"><span class='ocrx_word' id='word_1_414' title='bbox 412 5402 626 5472; x_wconf 80' lang='lat' dir='ltr'><strong><em>Zureiaccnsem‚</em></strong></span> <span class='ocrx_word' id='word_1_415' title='bbox 654 5405 703 5472; x_wconf 79' lang='lat' dir='ltr'><strong><em>qui</em></strong></span> <span class='ocrx_word' id='word_1_416' title='bbox 725 5404 790 5457; x_wconf 79' lang='lat' dir='ltr'><strong><em>obiit</em></strong></span> <span class='ocrx_word' id='word_1_417' title='bbox 813 5405 916 5458; x_wconf 73' lang='lat' dir='ltr'><strong><em>sauneio</em></strong></span> <span class='ocrx_word' id='word_1_418' title='bbox 943 5404 1021 5472; x_wconf 82' lang='lat' dir='ltr'><strong><em>XV,</em></strong></span> <span class='ocrx_word' id='word_1_419' title='bbox 1048 5411 1180 5458; x_wconf 78' lang='lat' dir='ltr'><strong><em>acutarcrn</em></strong></span> <span class='ocrx_word' id='word_1_420' title='bbox 1202 5403 1286 5456; x_wconf 86' lang='lat' dir='ltr'><strong><em>buius</em></strong></span> <span class='ocrx_word' id='word_1_421' title='bbox 1311 5402 1469 5456; x_wconf 70' lang='lat' dir='ltr'><strong><em>recensionis</em></strong></span> <span class='ocrx_word' id='word_1_422' title='bbox 1495 5402 1630 5470; x_wconf 86' lang='lat' dir='ltr'><strong><em>nominat,</em></strong></span> <span class='ocrx_word' id='word_1_423' title='bbox 1655 5417 1743 5456; x_wconf 77' lang='lat' dir='ltr'><strong><em>errore</em></strong></span> <span class='ocrx_word' id='word_1_424' title='bbox 1769 5404 1885 5457; x_wconf 72' lang='lat' dir='ltr'><strong><em>maxim</em></strong></span> <span class='ocrx_word' id='word_1_425' title='bbox 1910 5407 1996 5470; x_wconf 58' lang='grc' dir='ltr'><strong><em>(αμα</em></strong></span> <span class='ocrx_word' id='word_1_426' title='bbox 2016 5401 2050 5451; x_wconf 80' lang='lat' dir='ltr'><strong><em>at·</em></strong></span> 
     </span>
     <span class='ocr_line' id='line_1_42' title="bbox 413 5489 2051 5560; baseline 0.002 -19"><span class='ocrx_word' id='word_1_427' title='bbox 413 5491 435 5555; x_wconf 79' lang='lat' dir='ltr'><strong><em>r)</em></strong></span> <span class='ocrx_word' id='word_1_428' title='bbox 454 5489 611 5545; x_wconf 68' lang='lat' dir='ltr'><strong><em>Iraesutim</em></strong></span> <span class='ocrx_word' id='word_1_429' title='bbox 628 5508 715 5545; x_wconf 86' lang='lat' dir='ltr'><strong><em>annos</em></strong></span> <span class='ocrx_word' id='word_1_430' title='bbox 732 5491 818 5545; x_wconf 86' lang='lat' dir='ltr'><strong><em>obitus</em></strong></span> <span class='ocrx_word' id='word_1_431' title='bbox 834 5491 1028 5558; x_wconf 73' lang='lat' dir='ltr'><strong><em>defunctorem,</em></strong></span> <span class='ocrx_word' id='word_1_432' title='bbox 1051 5508 1117 5560; x_wconf 76' lang='lat' dir='ltr'><strong><em>quos</em></strong></span> <span class='ocrx_word' id='word_1_433' title='bbox 1134 5494 1161 5546; x_wconf 89' lang='lat' dir='ltr'><strong><em>A</em></strong></span> <span class='ocrx_word' id='word_1_434' title='bbox 1174 5491 1364 5560; x_wconf 79' lang='lat' dir='ltr'><strong><em>praetenuisit,</em></strong></span> <span class='ocrx_word' id='word_1_435' title='bbox 1387 5490 1516 5544; x_wconf 73' lang='lat' dir='ltr'><strong><em>nomicum.</em></strong></span> <span class='ocrx_word' id='word_1_436' title='bbox 1611 5497 1634 5552; x_wconf 84' lang='lat' dir='ltr'><strong><em>s)</em></strong></span> <span class='ocrx_word' id='word_1_437' title='bbox 1652 5491 1699 5544; x_wconf 83' lang='lat' dir='ltr'><strong><em>Pr.</em></strong></span> <span class='ocrx_word' id='word_1_438' title='bbox 1718 5490 1750 5542; x_wconf 86' lang='lat' dir='ltr'><strong><em>de</em></strong></span> <span class='ocrx_word' id='word_1_439' title='bbox 1766 5507 1834 5560; x_wconf 69' lang='lat' dir='ltr'><strong><em>noro</em></strong></span> <span class='ocrx_word' id='word_1_440' title='bbox 1851 5490 1921 5544; x_wconf 78' lang='lat' dir='ltr'><strong><em>dido</em></strong></span> <span class='ocrx_word' id='word_1_441' title='bbox 1938 5489 2051 5550; x_wconf 65' lang='lat' dir='ltr'><strong><em>suoru</em></strong></span> 
     </span>
     <span class='ocr_line' id='line_1_43' title="bbox 412 5574 2051 5647; baseline 0.001 -19"><span class='ocrx_word' id='word_1_442' title='bbox 412 5575 463 5628; x_wconf 83' lang='lat' dir='ltr'><strong><em>sito</em></strong></span> <span class='ocrx_word' id='word_1_443' title='bbox 479 5577 511 5630; x_wconf 90' lang='lat' dir='ltr'><strong><em>in</em></strong></span> <span class='ocrx_word' id='word_1_444' title='bbox 525 5576 728 5647; x_wconf 74' lang='lat' dir='ltr'><strong><em>Obercndinoen.</em></strong></span> <span class='ocrx_word' id='word_1_445' title='bbox 833 5581 856 5646; x_wconf 74' lang='lat'><strong><em>4)</em></strong></span> <span class='ocrx_word' id='word_1_446' title='bbox 876 5579 924 5632; x_wconf 90' lang='lat' dir='ltr'><strong><em>Pr.</em></strong></span> <span class='ocrx_word' id='word_1_447' title='bbox 939 5578 971 5632; x_wconf 83' lang='lat' dir='ltr'><strong><em>dc</em></strong></span> <span class='ocrx_word' id='word_1_448' title='bbox 981 5579 1057 5632; x_wconf 88' lang='lat' dir='ltr'><strong><em>banis</em></strong></span> <span class='ocrx_word' id='word_1_449' title='bbox 1069 5579 1186 5632; x_wconf 85' lang='lat' dir='ltr'><strong><em>ecclcsiae</em></strong></span> <span class='ocrx_word' id='word_1_450' title='bbox 1197 5578 1229 5630; x_wconf 89' lang='lat' dir='ltr'><strong><em>in</em></strong></span> <span class='ocrx_word' id='word_1_451' title='bbox 1242 5577 1438 5646; x_wconf 79' lang='lat' dir='ltr'><strong><em>Oberendinpen</em></strong></span> <span class='ocrx_word' id='word_1_452' title='bbox 1450 5583 1474 5630; x_wconf 86' lang='lat' dir='ltr'><strong><em>et</em></strong></span> <span class='ocrx_word' id='word_1_453' title='bbox 1486 5576 1520 5630; x_wconf 84' lang='lat' dir='ltr'><strong><em>dc</em></strong></span> <span class='ocrx_word' id='word_1_454' title='bbox 1532 5577 1610 5630; x_wconf 68' lang='lat' dir='ltr'><strong><em>cirria</em></strong></span> <span class='ocrx_word' id='word_1_455' title='bbox 1622 5576 1777 5632; x_wconf 70' lang='lat' dir='ltr'><strong><em>decanum.</em></strong></span> <span class='ocrx_word' id='word_1_456' title='bbox 1815 5578 1944 5632; x_wconf 70' lang='lat' dir='ltr'><strong><em>Meritoria</em></strong></span> <span class='ocrx_word' id='word_1_457' title='bbox 1953 5574 2051 5630; x_wconf 63' lang='lat' dir='ltr'><strong><em>miste·</em></strong></span> 
     </span>
     <span class='ocr_line' id='line_1_44' title="bbox 412 5658 1803 5734; baseline 0.005 -23"><span class='ocrx_word' id='word_1_458' title='bbox 412 5658 504 5714; x_wconf 88' lang='lat' dir='ltr'><strong><em>decani</em></strong></span> <span class='ocrx_word' id='word_1_459' title='bbox 521 5664 672 5718; x_wconf 61' lang='lat' dir='ltr'><strong><em>alcoram</em></strong></span> <span class='ocrx_word' id='word_1_460' title='bbox 690 5670 747 5718; x_wconf 72' lang='lat' dir='ltr'><strong><em>ercet</em></strong></span> <span class='ocrx_word' id='word_1_461' title='bbox 765 5664 808 5718; x_wconf 86' lang='lat' dir='ltr'><strong><em>dic</em></strong></span> <span class='ocrx_word' id='word_1_462' title='bbox 826 5673 850 5718; x_wconf 84' lang='lat'><strong><em>4.</em></strong></span> <span class='ocrx_word' id='word_1_463' title='bbox 870 5666 944 5718; x_wconf 78' lang='lat' dir='ltr'><strong><em>Iulii</em></strong></span> <span class='ocrx_word' id='word_1_464' title='bbox 1049 5669 1072 5734; x_wconf 79' lang='lat' dir='ltr'><strong><em>o)</em></strong></span> <span class='ocrx_word' id='word_1_465' title='bbox 1090 5666 1137 5719; x_wconf 86' lang='lat' dir='ltr'><strong><em>Pr.</em></strong></span> <span class='ocrx_word' id='word_1_466' title='bbox 1156 5664 1187 5718; x_wconf 89' lang='lat' dir='ltr'><strong><em>dc</em></strong></span> <span class='ocrx_word' id='word_1_467' title='bbox 1204 5665 1265 5717; x_wconf 86' lang='lat' dir='ltr'><strong><em>colle</em></strong></span> <span class='ocrx_word' id='word_1_468' title='bbox 1282 5663 1352 5718; x_wconf 80' lang='lat' dir='ltr'><strong><em>dicto</em></strong></span> <span class='ocrx_word' id='word_1_469' title='bbox 1372 5664 1530 5718; x_wconf 79' lang='lat' dir='ltr'><strong><em>Steinbrudc</em></strong></span> <span class='ocrx_word' id='word_1_470' title='bbox 1543 5679 1628 5732; x_wconf 83' lang='lat' dir='ltr'><strong><em>prope</em></strong></span> <span class='ocrx_word' id='word_1_471' title='bbox 1647 5663 1803 5733; x_wconf 75' lang='lat' dir='ltr'><strong><em>Ocuidbury.</em></strong></span> 
     </span>
    </p>
   </div>
   <div class='ocr_carea' id='block_1_10' title="bbox 0 0 2172 6437">
    <p class='ocr_par' dir='ltr' id='par_1_13' title="bbox 0 0 2172 6437">
     <span class='ocr_line' id='line_1_45' title="bbox 0 0 2172 6437; baseline 0 0"><span class='ocrx_word' id='word_1_472' title='bbox 0 0 2172 6437; x_wconf 95' lang='lat' dir='ltr'><strong><em> </em></strong></span> 
     </span>
    </p>
   </div>
  </div>
 </body>
</html>
