4306 6434
405 446 467 509 338
925 445 1188 500 NECROLOGIUM
1208 446 1533 502 TENNENBACENSE.

407 616 445 668 17.
488 617 552 672 xvl
570 618 626 672 lral.
663 619 712 675 Ob.
731 619 939 675 Berehtoldus.¹

406 703 445 755 19.
486 704 550 757 xlv
568 705 625 759 lral.
661 705 712 760 Ob.
730 707 824 776 Agnes
847 723 917 760 uxor
939 706 1016 760 ducis
1034 705 1195 761 Berehtoldi
1219 710 1249 761 et
1272 704 1331 760 filia
1349 707 1476 762 ltuodolfi
1501 706 1574 776 regis
1599 707 1633 760 de
1653 708 1731 772 Arle,
1759 708 1808 762 hec
1831 709 1911 763 dedit
1934 729 1954 762 s.
1973 710 2048 764 Petro

712 792 804 846 vicum
823 792 928 846 Buchse
946 810 979 846 ex
997 792 1154 847 hereditate
1173 795 1291 864 paterna
1309 811 1372 847 cunr
1390 793 1519 848 omuibus
1536 793 1572 846 ad
1590 810 1619 846 se
1637 793 1853 863 pertinentibus,
1873 796 1987 866 insuper
2003 815 2049 866 pro

713 877 762 932 illo
781 878 912 932 defuncto
931 878 1039 932 dorsale
1057 879 1193 932 bissinum
1211 879 1279 933 satis
1298 879 1410 934 bonum.

402 962 444 1016 22.
514 963 552 1017 XI
570 963 626 1018 kal.
663 962 713 1016 Ob.
731 964 914 1019 Berehtoldus
932 964 1006 1034 pbr„
1030 965 1079 1035 qui
1104 965 1183 1020 dedit
1206 966 1287 1020 nobis
1305 965 1415 1020 vineam
1440 985 1525 1021 unam
1543 984 1604 1021 cum
1624 965 1707 1021 domo
1726 967 1853 1037 lapidea,
1875 969 1974 1039 iugera
1991 971 2007 1022 9
2023 975 2049 1023 et

713 1053 795 1120 prata
812 1053 829 1106 3
847 1051 883 1106 ad
901 1051 1111 1122 Maltertingen.
1146 1053 1290 1122 Depositio
1308 1053 1469 1108 Berehtoldi
1487 1052 1598 1107 abbatis
1617 1055 1658 1108 14.

402 1136 443 1188 26.
497 1136 550 1190 VII
568 1136 623 1191 lral.
661 1136 711 1192 Ob.
729 1138 871 1192 conradus
889 1156 949 1192 n.c.
968 1138 1004 1191 de
1021 1138 1244 1210 Swartzenberg,
1269 1139 1318 1209 qui
1337 1140 1415 1194 dedit
1437 1140 1517 1194 nobis
1536 1140 1663 1210 predium
1686 1160 1767 1196 suurn
1786 1142 1862 1212 apud
1881 1143 2048 1212 blerdingen.

401 1223 444 1276 27.
513 1223 626 1278 v1kal.
662 1225 713 1280 Ob.
733 1225 878 1288 Geroldus.
901 1225 951 1295 qui
968 1225 1048 1280 dedit
1065 1225 1145 1280 nobis
1163 1244 1225 1281 eum
1244 1243 1329 1281 uxore
1348 1245 1398 1281 sna
1416 1244 1527 1282 mansos
1544 1227 1613 1281 duos
1632 1231 1661 1282 et
1683 1231 1727 1282 tot
1749 1231 1832 1298 prata
1850 1229 1886 1283 ad
1907 1229 2047 1301 Uesingen

402 1311 444 1366 ‘lt-
531 1311 555 1366 V
572 1312 628 1369 lral.
665 1312 715 1372 Ob.
733 1312 889 1372 Clementia
907 1313 1025 1378 ductrix,
1044 1329 1099 1383 qne
1117 1313 1196 1368 dedit
1212 1331 1380 1386 purpuream
1398 1317 1427 1370 ct
1445 1313 1500 1371 duo
1518 1314 1639 1372 dorsalia
1656 1333 1730 1374 anno
1750 1317 1825 1374 1159.

1026 1623 1437 1636 m

649 1999 1161 2097 NECROLOGIUM
1194 2001 1806 2098 TENNENBACENSE.

507 2228 761 2321 Maestorum
786 2256 1055 2335 Teuueubuceusc,
1083 2259 1168 2338 quod
1193 2257 1291 2322 situm
1313 2265 1381 2323 crat
1403 2260 1439 2323 iu
1454 2279 1540 2340 papo
1562 2258 1729 2340 Brapoue
1750 2260 1788 2323 iu
1808 2261 1928 2324 uicinia
1948 2261 2051 2341 oppidi

403 2358 665 2438 Eruuuudiupeu,
688 2361 811 2424 ordin-is
837 2359 1061 2439 Caeretana,
1084 2363 1246 2426 conditum
1267 2383 1352 2427 anuo
1377 2365 1471 2441 1156,
1494 2363 1560 2426 urm
1581 2362 1705 2427 suerro
1729 2363 1826 2428 XVI.
1848 2364 2051 2446 rrecrolopium

403 2483 498 2525 suum
519 2463 619 2526 modio
642 2483 715 2528 aeuo
737 2465 949 2545 omncrr'ptum
970 2465 1097 2543 uruisit;
1123 2465 1290 2529 uuisiruilc
1312 2467 1395 2530 cui-m
1417 2471 1476 2544 cst,
1500 2467 1536 2530 iu
1558 2465 1697 2530 turrudtu
1718 2468 2051 2542 rusticoauui1525,

403 2587 474 2627 euru
496 2567 722 2630 morrastcriuru
743 2569 795 2632 (tie
816 2572 846 2632 4.
870 2569 960 2632 Maii
980 2569 1131 2650 funditus
1152 2570 1379 2648 destrueretur,
1407 2569 1540 2633 tieletum
1562 2591 1634 2633 csse.
1679 2569 1798 2634 Restat
1820 2570 1911 2634 bodie
1933 2576 2054 2634 tnrrtrun

402 2667 589 2749 corrprilntio,
612 2692 693 2750 quire
714 2692 779 2735 unu
800 2673 938 2737 recensio
961 2673 1128 2754 uecrolopii
1144 2674 1266 2753 prioris
1281 2679 1335 2751 est,
1357 2675 1412 2737 scd
1426 2675 1556 2738 usuriuo
1571 2679 1697 2738 tarsicius
1712 2675 1868 2752 abbatum,
1892 2675 2053 2740 mundo

403 2794 475 2836 rum
489 2773 713 2838 rrwuucborum
735 2780 764 2840 ct
781 2775 1013 2857 buresuctorum
1027 2777 1211 2841 uwuusterii
1225 2778 1371 2841 oudinet.
1419 2779 1558 2859 Qrmm
1573 2779 1703 2842 neruiue
1712 2777 1859 2859 plurima
1872 2779 2009 2859 scriptor
2022 2780 2056 2841 iu

402 2878 613 2941 urouumeutrs
626 2877 875 2959 sepulchralibus
891 2882 1076 2946 marasterir‘
1090 2881 1143 2944 sui
1158 2881 1277 2944 iuueuit
1291 2885 1321 2943 ct
1332 2879 1444 2961 phasis
1457 2882 1536 2959 suis,
1559 2901 1641 2963 quae
1655 2882 1781 2962 quidem
1790 2883 1916 2962 partim
1930 2882 2057 2946 ostburc

401 2981 504 3058 suut‚²
527 2983 704 3046 adornavit.
754 2985 838 3066 Quin
860 2984 937 3048 baec
959 2990 1161 3049 ruouuurcutu
1183 3006 1255 3047 cum
1277 2984 1465 3048 uwrrusterio
1487 2986 1555 3065 ipso
1576 2987 1759 3049 auu01824
1781 2984 1882 3049 deleta
1901 2992 1986 3064 suut,
2008 2986 2057 3050 tric

401 3085 498 3149 liuius
520 3085 765 3166 corrpitutiouis,
795 3109 876 3168 quoe
901 3087 969 3152 solu
990 3090 1120 3153 uorsiuu
1142 3089 1423 3152 ravanuance
1445 3089 1567 3152 trudito
1588 3093 1761 3166 caemar,
1791 3089 1945 3169 oritanus
1966 3091 2054 3154 ederi-

401 3190 476 3253 duur
503 3213 567 3254 esse
587 3191 733 3271 putaui..
769 3189 956 3272 Compitutio
978 3198 1085 3257 auteur
1113 3193 1185 3273 ipsa
1212 3214 1283 3256 cum
1309 3192 1376 3256 inus
1402 3192 1592 3272 temporibus
1613 3190 1678 3255 iltis
1705 3191 1852 3256 ruorsncbi
1872 3191 2059 3274 Sarpetriui

401 3294 530 3374 suprius
551 3295 708 3359 nominati
730 3295 764 3358 iu
785 3296 927 3360 coenobb
944 3296 1199 3362 Tenumbuceusi
1211 3297 1355 3377 perierit,
1379 3318 1458 3360 usus
1471 3301 1517 3360 est
1531 3296 1732 3360 Baumeistor
1748 3300 1874 3360 mutum
1888 3297 2059 3378 uenerint

401 3397 586 3461 ruoruzsterii
607 3397 639 3462 S.
660 3397 750 3462 Petri
771 3398 891 3480 Niprue
913 3397 1017 3464 Silvae
1046 3401 1140 3482 idque
1162 3400 1198 3463 iu
1223 3397 1398 3464 collutiouc
1418 3420 1480 3463 stra
1500 3399 1693 3483 runolopicn
1714 3399 1829 3480 recepit
1850 3400 1947 3464 etsie
1970 3401 2060 3465 nobis

402 3501 546 3565 sanauit.

1094 3698 1371 3773 IANUARIUS.

422 3834 444 3885 1.
570 3832 625 3885 lral.
662 3832 838 3887 Venerabilis
856 3835 985 3888 dominus
1003 3835 1106 3897 flesso,
1131 3833 1237 3904 primus
1259 3833 1322 3886 abb.
1347 3833 1382 3886 de
1400 3830 1591 3900 Frienisberg‚
1614 3848 1676 3885 cum
1697 3834 1729 3886 12
1748 3834 1891 3888 monacbis
1909 3833 1985 3896 eius,
2013 3833 2061 3902 qui

713 3919 830 3974 fundum
856 3923 983 3976 emerunt
1005 3939 1067 3974 euru
1092 3920 1187 3974 multis
1213 3919 1335 3990 praediis
1359 3917 1553 3973 adiacentibus
1578 3919 1606 3971 et
1624 3918 1840 3987 appertinentiis
1857 3939 1875 3974 a
1892 3919 1984 3974 nobili
2002 3921 2061 3974 viro

713 4007 827 4062 Curione
845 4006 880 4061 de
899 4008 1012 4062 Horwin
1030 4007 1060 4061 in
1080 4007 1239 4077 praesentia
1257 4005 1356 4074 inclyti
1376 4005 1455 4059 ducis
1474 4005 1633 4058 Berehtoldi
1653 4008 1682 4059 et
1700 4005 1818 4062 illustris
1837 4007 1975 4077 principis
1994 4009 2062 4062 Her-

713 4093 823 4158 manni,
847 4094 1015 4149 marchionis
1037 4095 1072 4149 de
1094 4098 1185 4149 castro
1208 4093 1370 4164 Hachberg,
1396 4092 1457 4162 ipso
1481 4091 1623 4146 mediante
1645 4095 1674 4146 et
1697 4092 1792 4162 sigillo
1810 4112 1860 4148 suo
1879 4095 2062 4149 confirmante

713 4183 837 4249 pactum.

440 4309 445 4320 .
512 4271 552 4324 lll
569 4285 634 4322 non.
661 4267 704 4320 Fr.
722 4267 854 4321 Albertus
871 4268 906 4322 de
925 4268 1103 4338 Alberspach.

439 4401 445 4412 .
527 4356 553 4410 Il
572 4373 636 4409 non.
664 4354 809 4408 Udalricus
831 4356 968 4410 secundus
992 4355 1069 4420 abb,
1093 4373 1148 4410 non
1173 4354 1264 4408 minus
1283 4355 1342 4424 pie,
1367 4371 1451 4423 quam
1470 4352 1591 4406 feliciter
1608 4353 1732 4422 praefuit
1750 4354 1779 4406 et
1797 4355 1988 4424 possessiones
2007 4373 2063 4410 mo·

714 4442 829 4497 nasterii
849 4442 938 4496 auxit.

439 4573 445 4584 .
571 4547 636 4584 non.
663 4531 706 4584 Fr.
725 4529 880 4584 Fridericus
899 4529 932 4584 de
951 4529 1093 4586 Durheim.

421 4620 446 4672 9.
530 4615 555 4668 V
574 4616 611 4670 id.
665 4616 706 4670 rr.
726 4616 882 4671 Ludovicus
901 4615 956 4686 [de]
976 4617 1142 4687 Stielingen,

441 4748 446 4759 .
516 4704 554 4758 lv
573 4703 610 4756 id.
664 4703 840 4758 Bumhardns
858 4703 941 4757 lselin
960 4703 1038 4766 abb..
1063 4704 1115 4758 sub
1136 4704 1189 4758 hoo
1212 4704 1346 4758 instituta
1364 4705 1419 4759 fuit
1437 4704 1651 4759 confraternitas
1669 4705 1806 4773 perpetua
1824 4703 1901 4758 inter
1919 4705 2066 4774 religiosos

715 4790 983 4845 Thennenbaccnses
1007 4793 1036 4844 et
1058 4789 1204 4860 religiosas
1222 4791 1466 4845 Giinterstalenses
1486 4791 1568 4854 1452,
1591 4789 1742 4858 requiescit
1759 4789 1789 4843 in
1808 4790 1937 4859 capitulo
1954 4792 2066 4862 fuitque

715 4876 826 4946 praesul
848 4878 923 4932 18⁸⁸.

441 5007 447 5018 .
527 4965 554 5019 ll
572 4964 610 5018 id,
664 4963 722 5032 Ego
740 4980 809 5016 corn.
829 4963 863 5018 de
875 4963 976 5028 Urach,
994 4963 1077 5018 huius
1095 4963 1217 5020 nominis
1234 4964 1379 5028 secundus,
1398 4963 1490 5018 dictus
1509 4963 1562 5018 Mil
1578 4963 1640 5017 dein
1654 4963 1729 5026 Bart,
1748 4962 1880 5018 dominus
1894 4963 1925 5018 in
1938 4964 2067 5035 friburg,

715 5053 744 5104 et
763 5052 856 5120 Agnes
874 5050 997 5106 eiusdem
1017 5052 1152 5116 coniunx,
1171 5051 1248 5106 ducis
1267 5051 1390 5106 Bertoldi
1409 5052 1443 5105 dc
1463 5050 1617 5120 Zaeringcn
1635 5051 1668 5104 V.
1687 5053 1716 5104 et
1734 5049 1827 5103 ultimi
1846 5067 1935 5115 soror,
1952 5041 2068 5107 lirernnt

715 5137 818 5208 sepulti
842 5137 925 5191 ambo
946 5137 976 5192 in
995 5138 1155 5192 cacrniterio
1174 5138 1225 5192 sub
1243 5155 1345 5207 magno
1364 5138 1510 5207 sepulchro
1529 5136 1669 5206 lepideo‚⁸
1694 5135 1742 5189 ubi
1760 5136 1894 5191 videntur
1912 5139 2007 5193 adhuc
2025 5140 2067 5194 iu·

716 5223 815 5293 signia
847 5224 884 5278 Hi
901 5224 1016 5279 fuerunt
1034 5228 1163 5295 parentes
1181 5245 1203 5280 s.
1217 5224 1337 5280 Conradi
1350 5223 1509 5288 cardinalis,
1527 5222 1656 5278 monachi
1669 5222 1845 5278 villariensis
1857 5223 1889 5278 in
1902 5225 2068 5292 Brabantia,

716 5313 745 5362 et
757 5310 918 5365 Berehtoldi
935 5311 1047 5366 abbatis
1066 5311 1150 5366 huius
1168 5311 1231 5367 loci.
1263 5311 1347 5366 Dedit
1365 5310 1447 5366 nobis
1465 5313 1594 5379 quartam
1613 5312 1722 5380 purtem
1734 5309 1881 5365 vinearum
1894 5311 1926 5366 in
1938 5313 2068 5369 Immers-

717 5397 785 5450 tahl.
817 5397 1049 5453 Obierunt1236.

511 5603 532 5668 ι)
553 5603 601 5657 Pr.
618 5602 649 5656 de
665 5604 785 5672 padam
802 5605 880 5658 ciues
896 5605 948 5658 sita
966 5605 996 5658 iu
1015 5605 1184 5673 Mardinpeu.
1290 5606 1314 5670 a)
1336 5603 1500 5670 Falssssime,
1518 5609 1549 5658 ut
1567 5605 1683 5672 sumpto
1699 5609 1773 5672 suar,
1790 5605 1942 5674 confinio
1959 5609 2068 5664 ouantes

408 5687 526 5756 Eponam
544 5694 567 5741 et
580 5689 765 5744 Berehtoldum
782 5691 813 5746 de
830 5691 918 5745 Urneb
933 5691 975 5744 die
993 5701 1014 5744 1.
1027 5692 1101 5744 Maii
1120 5697 1144 5746 ct
1160 5698 1203 5745 28.
1216 5690 1368 5744 Decembris
1386 5690 1465 5743 etiam
1475 5690 1507 5744 de
1518 5691 1698 5760 Furstmboep
1709 5691 1839 5746 uouuaat.
1942 5697 1966 5760 ³)
1988 5695 2068 5749 Bou-

408 5774 509 5828 meere
527 5775 667 5845 imapum
684 5776 767 5831 buius
784 5779 915 5849 wutcbri
932 5779 974 5833 bic
989 5777 1102 5835 addidit.
1138 5777 1280 5850 Drpictum
1299 5782 1334 5832 est
1351 5776 1420 5830 idem
1431 5777 1527 5836 iterrrm
1538 5777 1727 5858 Frirsteaberp.
1745 5777 1961 5832 Urlruudenbsot
1974 5782 1999 5848 Ι,
2014 5791 2067 5840 1ΐ3.
