4298 6436
516 469 517 472 ,
624 421 888 477 Nacaoaoaran
907 421 1175 477 SEEDOR-FENSE.
1666 425 1725 485 511

65 596 108 650 24.
181 595 219 650 IX
237 597 292 651 lrsl.
331 596 382 652 Ob.
401 595 566 650 domicellus
579 595 748 650 Wilhelmus
770 595 803 650 In
823 595 904 649 'l'urri
923 611 953 650 ze
975 595 1024 648 der
1041 594 1241 656 Hsselstuden,
1265 593 1312 647 hic
1329 592 1464 662 sepultus.
1495 591 1574 646 Iros
1593 593 1657 648 Ann
1675 609 1731 647 von

382 683 479 752 Segne,
499 682 545 736 hic
563 681 683 751 sepulto.

65 771 108 824 26.
164 769 217 824 VII
237 770 291 824 kal.
329 770 498 826 Domicellns
515 768 693 824 Eberhardus
722 768 756 822 de
778 767 908 836 Tanneg,
935 785 1055 837 magnus
1079 765 1184 820 amicus
1211 769 1311 820 noster.
1350 768 1431 820 Anno
1450 765 1580 819 1454011.
1599 763 1730 836 egregins

379 873 455 911 sacre
474 856 616 922 theologie
635 855 740 917 doctor,
759 855 791 907 fr.
811 853 949 908 Iohannes
968 854 1095 914 Ammon,
1114 852 1188 906 filins
1206 852 1290 906 huius
1309 855 1463 908 conventus
1481 850 1665 916 fidelissimus,
1684 850 1729 904 cui

378 961 434 998 non
459 942 559 997 similis
583 942 680 996 extitit
704 942 757 996 hoc
781 941 811 994 in
835 942 989 1003 conventu,
1018 939 1092 1008 quod
1117 939 1239 1009 probant
1260 939 1449 994 anniversarie
1468 937 1632 1000 elemosine,
1659 955 1729 1006 quas

378 1031 531 1084 conventus
556 1028 642 1084 habet
664 1028 699 1082 de
717 1043 749 1082 co
769 1030 798 1081 et
815 1026 1043 1096 progenitoribus
1061 1026 1133 1089 suis,
1160 1026 1269 1081 scilicet
1290 1027 1320 1082 in
1337 1027 1404 1080 vino
1423 1029 1453 1079 et
1470 1041 1538 1079 auro
1557 1039 1681 1078 necnon
1700 1027 1729 1078 st

379 1113 495 1170 edificiis
518 1115 554 1170 nb
578 1132 610 1170 eo
633 1113 800 1170 constructis
822 1113 852 1166 in
870 1112 942 1178 vita,
968 1115 1001 1167 ut
1023 1116 1066 1167 est
1083 1112 1253 1168 vestibulum
1272 1115 1302 1168 et
1318 1115 1402 1182 stupa
1419 1129 1453 1166 ac
1470 1129 1544 1166 nova
1562 1110 1661 1165 domus
1679 1109 1730 1165 ills

380 1219 443 1256 cunr
461 1201 556 1256 cnisnls
573 1200 700 1270 preciose
718 1217 751 1254 ac
769 1199 799 1253 in
817 1199 914 1253 mullis
933 1199 997 1254 aliis
1016 1199 1164 1255 benefitiis.

64 1291 107 1344 ‘IL
181 1288 218 1342 v1
236 1288 292 1341 kal.
329 1288 373 1342 Fr.
393 1287 568 1341 Hennsnnus
587 1286 801 1350 deWiniertnr‚
822 1287 962 1341 consensor
979 1290 1008 1341 et
1027 1286 1193 1356 predicator.
1224 1287 1282 1340 Sor.
1302 1284 1480 1341 Maechiildis
1498 1285 1533 1338 de
1552 1285 1618 1338 Lon.

64 1379 107 1431 31.
191 1375 216 1428 ll
235 1374 290 1428 kal.
327 1374 406 1429 Frow
425 1375 499 1428 Naso
518 1375 559 1428 Inr
578 1373 667 1434 Turn,
682 1373 787 1440 junker
804 1373 929 1427 Benczen
949 1391 1003 1428 ron
1022 1373 1175 1429 Hoewdorf
1190 1373 1324 1430 huIsfrow
1342 1392 1394 1436 ns,
1413 1372 1459 1428 hic
1477 1371 1597 1442 sepulta,
1615 1369 1661 1425 die
1680 1387 1729 1425 vor

380 1459 442 1516 hen
460 1459 515 1516 den
534 1458 664 1516 Ioehler.¹

695 1661 1107 1673 ——n———n-——u-n--w-n—-ss

357 2003 870 2101 NEOROLOGIUM
908 2002 1435 2100 SEEDORFENSE.

171 2219 228 2311 Iu
249 2247 315 2309 uico
332 2244 465 2325 Seedorf
482 2243 574 2308 vadis
595 2245 784 2312 Uraniensis
805 2245 1031 2308 rnorussterium
1046 2244 1204 2324 fratribus
1219 2248 1248 2306 et
1262 2242 1422 2306 soror-idus
1437 2243 1560 2306 ordinis
1574 2241 1727 2322 causaris

63 2373 89 2413 s.
114 2350 236 2414 Lazari
257 2347 422 2413 Arnoldsns
448 2348 564 2413 nobilis
590 2349 628 2413 de
650 2349 771 2414 Briens
799 2369 884 2414 aureo
913 2349 1017 2430 ipssoto
1038 2347 1158 2412 emendi
1182 2346 1284 2412 XIII.
1308 2346 1465 2425 corsdidit,
1494 2346 1727 2427 quodpropter

63 2454 165 2517 situm
185 2475 280 2518 suuni
303 2454 338 2517 in
358 2473 479 2517 sumine
494 2454 561 2518 eico
576 2455 672 2517 etiarn
684 2453 910 2517 morsostcrium
926 2451 1150 2532 Oberdorfense
1164 2451 1364 2517 nominatum
1378 2455 1433 2515 est.
1479 2448 1610 2516 Saeculo
1628 2449 1724 2516 XIV.

63 2562 134 2621 tum
155 2558 274 2637 tratres
295 2557 394 2620 iuius
415 2557 539 2622 ordinis
559 2557 721 2621 soromlrus
742 2555 818 2620 solis
838 2555 1017 2620 coenubium
1032 2555 1276 2636 dereliquerunt,
1299 2554 1384 2636 quod
1397 2555 1525 2622 medem
1539 2574 1625 2620 anno
1640 2554 1725 2618 1559

64 2663 100 2725 in
122 2661 310 2725 hodiernum
331 2662 413 2725 diem
435 2661 732 2725 sanctimonialibus
754 2660 878 2724 ordinis
898 2681 923 2723 s
947 2659 1115 2724 Bewdmti
1137 2660 1292 2723 traditum
1314 2663 1368 2723 est.

170 2763 390 2846 Necrolopinm
400 2765 499 2828 huius
509 2765 702 2841 monasterii,
715 2762 800 2844 qnod
811 2764 993 2826 etiamnunc
1005 2769 1115 2841 sociat,
1130 2763 1228 2827 scribi
1239 2767 1480 2844 eoeptnmparte
1491 2760 1611 2825 saeculi
1622 2711 1723 2826 XIII.

56 2871 183 2950 priore,
206 2870 348 2952 popinas
369 2872 411 2933 24
435 2869 690 2933 nscrnlirannceus
710 2867 831 2947 formae
853 2867 987 2930 miinoris
1008 2867 1154 2947 cornplect
1154 2869 1232 2945 itur,
1262 2886 1344 2947 quas
1364 2865 1577 2946 frapmentum
1599 2870 1725 2928 tantum

62 2973 181 3038 codicis
203 2973 335 3038 irmionis
356 2973 483 3053 frn'sse,²
506 2973 614 3054 reputa
636 2994 661 3036 s.
678 2972 865 3054 Aupustini,
888 2991 985 3052 quarn
1006 2970 1124 3052 fratres
1147 2977 1176 3036 et
1190 2993 1311 3036 sorores
1325 2992 1349 3034 s.
1366 2971 1489 3036 Lazari
1504 2970 1723 3050 sequebantur,

62 3083 92 3141 ct
120 3076 341 3160 martyrologiis
371 3077 604 3157 deficientibus,
634 3075 879 3158 necrodipiorum
907 3074 1046 3138 aliorum
1073 3075 1213 3156 exempla
1235 3075 1459 3139 denwmtrmd
1506 3073 1597 3156 Qseod
1617 3094 1724 3138 neero-

62 3180 178 3262 Iopium
210 3181 257 3244 r‘tn
279 3181 465 3260 dispositum
488 3185 549 3257 est,
578 3184 615 3243 ut
636 3179 856 3242 calendarium
880 3179 1060 3242 Romanurn
1082 3180 1235 3259 cuiusque
1257 3179 1372 3241 nemesis
1394 3179 1430 3240 in
1445 3177 1577 3258 popinis
1599 3177 1725 3241 dunno

61 3284 226 3349 corstiuuis
247 3284 296 3348 ln's
317 3283 514 3364 adscripstum
533 3284 576 3347 sit
595 3288 624 3347 ct
638 3283 806 3364 scriptores
821 3283 992 3345 rnortnnrii
1006 3282 1110 3362 ipsius
1124 3283 1255 3346 nomina
1270 3281 1489 3361 defnrsctorum
1504 3281 1549 3344 ad
1563 3279 1724 3344 libidinem

61 3387 152 3452 modo
182 3386 269 3464 huic,
303 3386 392 3452 modo
414 3385 478 3462 ilii,
507 3387 597 3451 niodo
618 3387 747 3467 utrique
768 3384 950 3450 cakndario
972 3384 1182 3449 addiderint.³
1232 3383 1459 3449 Calendarimn
1481 3383 1734 3448 ecclesiasticum¹

61 3495 174 3553 oedem
195 3490 337 3572 papissae
364 3494 490 3553 tantum
513 3490 622 3570 priori
643 3490 789 3554 additum
813 3489 890 3566 θεὴ*
918 3489 1003 3570 quod
1025 3489 1090 3552 iem
1113 3493 1187 3552 ante
1209 3509 1332 3552 annum
1355 3489 1440 3551 1229
1463 3487 1637 3568 emefectum
1659 3509 1724 3552 esse

61 3613 175 3657 nomen
200 3615 225 3656 s.
250 3593 434 3669 Francisci,
466 3594 522 3672 qui
544 3615 629 3657 cinno
654 3593 737 3657 1229
760 3594 796 3656 in
818 3614 985 3656 numerum
1007 3599 1189 3657 sanctorum
1210 3592 1354 3656 adsciim
1375 3595 1434 3668 cst,
1463 3613 1485 3655 a
1506 3592 1725 3656 continuatore

62 3695 253 3776 inscriptum
276 3696 388 3773 dccet,⁵
409 3693 617 3776 necrotopium
639 3701 745 3759 autem
767 3697 890 3760 deinum
906 3701 982 3776 post
1003 3695 1124 3776 ntuJuot
1146 3696 1294 3776 tenuioris
1316 3693 1456 3775 spatium
1480 3695 1637 3775 inceptum
1660 3717 1724 3760 esse

61 3820 176 3881 repone
196 3820 261 3863 non
275 3819 457 3880 possumus.
507 3798 680 3880 Postquam
702 3801 851 3881 scriptor,
877 3802 934 3881 qui
955 3800 1173 3864 calendarium
1195 3799 1340 3879 confecit,
1370 3804 1478 3863 notam
1499 3798 1724 3882 necroiopicam

61 3902 185 3966 semitm
206 3903 331 3980 adiecit,
354 3904 602 3968 continuatorem
625 3905 749 3968 murum
771 3904 870 3981 illum,
893 3906 950 3986 qui
972 3903 1155 3968 calendario
1172 3904 1303 3967 nomina
1317 3924 1342 3966 s.
1359 3902 1523 3967 Dominici
1537 3923 1622 3968 anno
1639 3908 1724 3968 1233

60 4006 256 4086 sanctificati
277 4011 307 4070 et
329 4027 354 4070 s.
370 4005 576 4072 Elisabetirae
598 4007 795 4090 deuterosios
817 4029 901 4071 anno
926 4009 1009 4071 1235
1032 4013 1230 4071 cmmecratae
1251 4007 1412 4084 adiurare-it,
1435 4012 1542 4071 notam
1556 4007 1724 4091 rsecrolopii

63 4111 314 4189 vetustissimam,
337 4132 418 4192 quac
440 4116 485 4175 cst
500 4131 611 4176 moun
625 4112 810 4192 fundatoris
824 4111 1045 4191 Seedorfensis
1068 4111 1267 4191 inscripsisse
1281 4111 1402 4192 formae
1418 4110 1584 4176 literarum
1599 4111 1722 4176 denarr-

60 4215 195 4277 strant.⁸
238 4213 456 4298 Necrolopinm
477 4236 577 4296 usquc
599 4216 635 4278 iu
655 4216 751 4295 finem
772 4215 891 4279 saeculi
909 4215 1011 4278 XIII.
1035 4234 1099 4278 non
1120 4215 1230 4280 rrinltis
1246 4215 1436 4293 nominibus,
1459 4236 1541 4295 quac
1556 4217 1724 4295 scriptores

61 4315 234 4397 complures
261 4318 503 4397 inscripserunt,
532 4319 707 4383 adauctum
733 4324 787 4383 est.
833 4318 970 4383 Domum
991 4319 1031 4382 aa
1053 4339 1139 4383 anuo
1161 4321 1246 4382 1289
1268 4319 1394 4382 circiter
1414 4339 1514 4400 usque
1535 4319 1580 4383 od
1600 4340 1723 4384 annum

63 4423 149 4485 1320
172 4421 297 4484 circiter
318 4421 465 4485 manibus
479 4421 635 4502 plummis
650 4422 813 4502 plurimae
835 4427 928 4486 rwtas
949 4422 1079 4486 additae
1100 4427 1192 4499 surii,
1215 4423 1270 4486 sed
1290 4420 1415 4487 soeculo
1439 4421 1535 4486 XIV.
1551 4423 1723 4502 posteriori

61 4529 90 4587 et
111 4522 236 4588 mensa
253 4523 330 4588 XV.
354 4525 469 4588 iterum
491 4529 618 4589 tanturn
639 4528 770 4590 nomina
785 4547 952 4607 perpauca
974 4525 1095 4608 alnensi
1116 4527 1283 4607 emptores
1304 4526 1545 4606 inscripserunt,
1567 4547 1650 4608 quae
1671 4527 1723 4591 In'c

62 4627 218 4692 mentione
239 4627 337 4708 dipna
358 4649 423 4692 esse
444 4629 639 4694 molebantur.

166 4730 385 4814 Necrolopium
405 4753 469 4795 usu
492 4734 651 4799 cotidiano
673 4739 703 4798 et
725 4736 851 4799 rasuris
872 4735 963 4800 notde
984 4735 1105 4800 mesum
1123 4738 1176 4813 est,
1200 4735 1363 4816 inprimis
1380 4743 1472 4801 notas
1486 4733 1658 4818 mcrolopio
1672 4735 1723 4800 11²

61 4856 164 4900 mense
186 4833 283 4898 Iunio
311 4836 483 4916 inscriptas
509 4837 643 4917 scriptor
665 4837 785 4902 saeculi
809 4839 867 4903 XI
871 4839 904 4902 V.
927 4840 1086 4916 creantis,
1116 4845 1153 4902 nt
1174 4841 1354 4905 nominrlrus
1376 4843 1430 4905 sui
1451 4841 1599 4921 temporis
1621 4839 1721 4904 merem

167 5029 189 5092 ι)
208 5025 322 5079 Dorum
340 5025 435 5092 ὄβΗ.
458 5025 490 5079 dc
512 5026 589 5080 cinea
611 5027 642 5080 in
665 5027 809 5096 Uirronis,
832 5029 880 5096 qui
897 5029 961 5084 sotei
975 5036 1090 5098 possum
1107 5030 1212 5086 soll.
1317 5033 1339 5097 s)
1361 5029 1483 5100 Papiriae
1497 5029 1556 5097 solii
1572 5030 1721 5098 utriusqus,

60 5112 133 5180 prurd
152 5129 226 5166 nurse
242 5111 338 5167 codicis
355 5117 531 5182 teprnmsrsturn
549 5120 598 5180 est,
616 5115 756 5169 enteriores
774 5115 854 5169 etiarn
871 5115 1017 5184 inscriptae
1035 5123 1127 5186 nant,
1143 5117 1188 5171 ssd
1204 5134 1272 5185 quae
1288 5117 1321 5171 in
1337 5118 1373 5172 eis
1390 5117 1722 5185 nominenominee

59 5200 99 5252 ita
119 5198 220 5254 dariis
240 5205 317 5266 sunt,
342 5205 372 5254 ut
396 5204 503 5254 tarstum
526 5200 600 5254 serbo
621 5201 730 5269 sinpslo
753 5201 928 5270 tepipossint.
1033 5205 1055 5269 s)
1076 5203 1139 5271 Qtsa
1155 5220 1184 5258 rc
1200 5204 1243 5258 Iric
1260 5205 1290 5257 in
1306 5203 1526 5258 adnwmtionnlus
1541 5204 1721 5272 necroloyium

60 5287 87 5339 A
98 5292 123 5340 et
136 5287 176 5340 A*
188 5285 308 5340 didimi.
413 5288 435 5352 ⁴)
456 5286 493 5339 In
510 5304 595 5341 nume
606 5289 730 5356 Adpudo
747 5293 853 5342 tantum
870 5305 969 5342 manus
985 5290 1114 5343 rmsntior
1130 5291 1229 5344 mardi
1242 5290 1328 5344 XIII
1346 5291 1426 5344 etiam
1442 5291 1474 5343 in
1487 5291 1592 5359 popina
1604 5291 1721 5350 soensnda

58 5373 142 5438 fer-ias
158 5373 308 5428 nonnulla
325 5373 468 5441 inscripsit.
573 5377 595 5440 s)
616 5373 806 5428 &Ismarium
822 5391 879 5428 non
895 5375 927 5428 in
944 5376 997 5429 loco
1016 5375 1133 5442 Seedorf,
1155 5392 1212 5429 non
1228 5377 1260 5429 in
1276 5376 1383 5431 dmecmi
1402 5377 1609 5444 mmmm,
1627 5377 1722 5444 cantici

58 5465 177 5529 coeptum
195 5475 247 5516 esse
264 5461 375 5528 sidetem
393 5478 458 5514 nam
475 5461 664 5515 dedicationem
681 5462 797 5516 eclesiae
814 5461 845 5514 in
862 5461 973 5529 &edors
987 5473 1008 5517 1
1026 5463 1105 5530 Sept,
1125 5462 1312 5518 dedicationem
1328 5464 1446 5518 cadmiae
1463 5481 1494 5516 m
1511 5463 1721 5532 Attinpeniusssn

58 5555 97 5604 27.
114 5547 185 5616 Sept.
203 5553 227 5601 d
243 5546 432 5602 anemonen
449 5549 568 5603 soeiestac
587 5549 798 5604 &werdensis
816 5559 840 5604 9.
861 5549 932 5617 Sept.
949 5549 1056 5603 &mum
1072 5549 1141 5604 idem
1157 5550 1330 5605 numnam
1346 5550 1447 5606 adiecit
1552 5553 1576 5620 a)
1595 5551 1721 5620 Empti

57 5635 146 5702 pratia
168 5633 303 5702 meso,
328 5652 385 5702 quc
409 5635 681 5704 iraecnotauiitur,
703 5653 846 5707 numnam
870 5636 1315 5760 incolendorioprinsooonfeoto,
1338 5636 1720 5696 sedtarstmninnotssoon·

59 5721 204 5776 tornatoris
222 5737 306 5790 snpra
323 5721 388 5777 dieti
405 5721 548 5777 invenitur.
1513 5769 1516 5774 Δ
