4306 6434
528 375 654 432 NOTAE
669 376 951 435 NEOROLOGIGAE
969 382 1259 440 EINSIEDLENSFS.
1664 393 1724 457 361

68 552 109 606 ll.
195 553 276 608 vid.
331 547 418 613 Uota
440 548 590 616 abb⁸0b.

65 657 108 710 31.
190 657 291 713 Ilkal.
327 650 531 737 Engilrioh
562 654 739 721 inclusus
768 658 822 723 ob.
869 660 961 725 Otto
991 659 1067 725 dux
1091 662 1148 728 ob.
1188 662 1382 750 Wolfgengi
1414 665 1474 751 ep‘.
1508 663 1560 754 [et
1589 666 1727 732 deoani

379 756 457 822 looi
480 757 827 850 Heremitarum.·)]

759 958 1035 1036 NOVEMBER.

85 1059 109 1111 6.
152 1058 220 1112 VIII
238 1058 275 1113 id.
330 1052 585 1119 Crescentiue
609 1055 667 1120 ob.

84 1165 110 1214 8.
180 1161 220 1216 VI
238 1161 276 1216 id.
330 1155 547 1242 Gregorius
569 1158 653 1224 abb.
670 1160 727 1227 ob.

69 1265 110 1318 11.
179 1265 220 1319 III
239 1265 277 1322 iu.
330 1260 584 1348 Burghnrdue
610 1263 696 1329 dux.

70 1368 109 1423 12.
194 1369 276 1425 IIid.
329 1364 509 1433 Imiom·.
548 1366 813 1436 Goteiridob.

70 1473 110 1526 16.
153 1472 219 1528 XVI
238 1475 294 1529 kal.
330 1468 505 1555 Engildrut
528 1471 618 1539 Iob.

68 1577 109 1631 ee.
195 1577 294 1634 xuar.
333 1571 442 1660 [Kepa
464 1571 530 1661 ob.]

67 1679 110 1733 24.
150 1681 218 1736 VIII
236 1683 293 1738 kal.
331 1675 590 1745 chuonradus
613 1681 633 1747 l.
651 1731 659 1748 .
677 1733 709 1747 ..

68 1783 110 1837 26.
181 1786 294 1842 VIkaI.
331 1779 588 1848 Ohuonradue
612 1786 763 1870 epeob.

69 1888 111 1944 21.
194 1889 293 1946 Vkel.
331 1882 477 1971 [Hupald
501 1888 629 1953 ocoieus
653 1888 726 1976 een]

68 1993 110 2046 30.
195 1992 296 2050 IIImI.
332 1988 579 2060 Gerhurtob.

768 2122 1035 2199 DECEMBER.

86 2251 111 2306 6.
156 2253 224 2309 VIII
241 2255 279 2310 id.
332 2247 606 2316 Antianusob.
643 2251 967 2323 Artrommusob.

87 2355 111 2410 7.
170 2357 223 2412 VII
240 2358 278 2413 id.
332 2353 425 2419 Orto
448 2355 658 2441 imperator
681 2358 737 2424 ob.

72 2458 111 2512 10.
182 2463 277 2521 IVid.
330 2458 693 2528 Herimonduxob.

71 2563 111 2616 11.
180 2565 222 2620 III
239 2567 278 2622 id.
330 2563 511 2650 Lamproht
533 2566 554 2630 I.
571 2566 624 2632 ob.

72 2668 111 2722 16.
139 2668 219 2724 xvn
238 2671 294 2726 kal.
329 2666 560 2755 Erohongor
582 2671 640 2738 ob.

71 2770 111 2824 ᾗ
154 2771 221 2827 VIII
240 2774 296 2830 kal.
331 2770 479 2837 Domnu
501 2773 666 2842 Juditta.

71 2874 111 2928 29.
182 2876 222 2930 1v
241 2879 296 2935 kal.
332 2874 502 2961 Heriger
523 2877 578 2944 ob.

72 2979 113 3032 30.
178 2981 295 3039 IlIkal.
330 2977 634 3050 Eberharihob.

74 3083 114 3136 31.
196 3085 223 3140 II
243 3087 299 3141 kal.
334 3080 477 3168 Engila
499 3086 652 3152 inclusa
676 3088 733 3155 ob.

282 3417 315 3488 u.
360 3425 724 3508 FRAGMENTA
750 3433 917 3510 urnnr
943 3381 1526 3510 Iumvunsunronou.

760 3615 1038 3692 IANUARIUS.

177 3737 325 3793 Heinrious
347 3741 500 3799 edvoeeius
522 3745 557 3800 de
575 3746 747 3816 Reproswile
765 3747 809 3802 ob.
839 3747 897 3803 eal.
915 3747 1049 3802 Ianuarii.
1079 3748 1272 3803 Hartmannur
1294 3764 1352 3818 eps.
1370 3747 1511 3802 Curionsis
1534 3746 1614 3802 dedit
1636 3747 1735 3817 predio

76 3838 125 3874 eun
143 3822 252 3892 anen
275 3828 305 3880 ei
322 3825 486 3885 Enchibooh.
517 3831 698 3887 Eberholmus
721 3832 756 3887 de
775 3834 943 3890 Aliburren¹
966 3833 1045 3889 dedit
1063 3835 1238 3890 Boldnehtel.
1269 3834 1418 3890 Heinrious
1440 3851 1497 3904 epo.
1517 3834 1734 3899 Lousonnenrh,

76 3908 148 3963 filine
163 3910 265 3966 Uolrici
284 3915 394 3970 comitis
412 3916 446 3972 de
465 3917 608 3974 Schennis.
639 3920 714 3976 Com.
734 3919 908 3975 ΙιιιιιῐοΙιῙιιι1
927 3924 956 3976 et
974 3921 1126 3992 liutgardis
1144 3939 1214 3977 uxor
1232 3919 1300 3976 eius.
1331 3921 1406 3976 Com.
1425 3920 1544 3991 Sigboto
1562 3920 1598 3975 de
1615 3921 1734 3976 Aleotia.

76 3993 263 4066 Irmongnrdir
272 3999 307 4053 de
316 4000 514 4075 Toggenbnrg.
533 4005 608 4061 Com.
619 4007 775 4063 Friderioue
784 4007 819 4063 de
829 4008 957 4063 Bovario.
981 4009 1099 4064 Hemmn
1109 4009 1188 4073 abb·‚
1200 4009 1259 4064 filia
1269 4007 1412 4065 Uodelrici
1422 4007 1533 4064 comitis
1546 4007 1581 4064 de
1590 4007 1734 4063 Schennie.

746 4188 1067 4264 ruonuumus,

179 4309 361 4368 chuonradus
380 4315 482 4371 Hunno
505 4317 584 4373 dedit
607 4321 659 4387 3ss
683 4323 712 4374 et
736 4321 786 4388 ἵβ
812 4338 862 4390 pro
885 4320 991 4376 lumine
1017 4321 1051 4375 do
1070 4320 1242 4391 Bebenberg.
1274 4321 1350 4376 Com.
1369 4321 1514 4376 Goifridne
1536 4320 1616 4376 dedit
1633 4320 1735 4375 Sloito.

78 4393 223 4450 Heinrious
241 4397 333 4454 dictus
351 4401 492 4468 Roman,
514 4405 587 4474 pleb.
606 4405 636 4459 in
656 4406 826 4462 Obernkileh
845 4409 874 4462 ei
892 4407 1045 4472 Eoriswsse
1070 4407 1149 4462 dedii
1166 4407 1278 4461 vineam
1301 4406 1331 4460 in
1353 4405 1483 4461 Erlibnoh
1502 4409 1531 4461 ei
1549 4406 1735 4477 possessionen

78 4479 106 4533 in
125 4481 282 4553 Eredingen
301 4489 330 4540 ot
351 4487 515 4559 Longenooh
535 4509 569 4546 ae
586 4492 699 4547 domum
721 4493 751 4547 in
769 4494 876 4549 Surree.
907 4494 1002 4549 Giselo
1019 4493 1184 4564 imperatrix
1202 4493 1282 4547 dedit
1300 4492 1428 4564 predium
1450 4493 1480 4546 in
1499 4493 1735 4552 steinebrunnen.

77 4567 151 4624 Com.
164 4569 339 4628 Eberhardus
352 4575 431 4631 dedit
443 4578 565 4634 huobem
577 4579 607 4633 in
620 4581 724 4645 Badeo,
742 4581 821 4636 ouius
833 4582 908 4636 filins
920 4581 1038 4637 'I'hiemo
1051 4581 1130 4635 dedit
1142 4580 1309 4650 Eredingen.
1342 4581 1444 4634 Amano
1456 4579 1536 4634 dedit
1551 4579 1734 4650 piseationem

79 4654 178 4710 bonurn
202 4657 232 4712 in
250 4660 404 4728 Aquareia,
428 4664 533 4720 occisus
557 4666 586 4720 in
611 4667 791 4737 expeditione
812 4666 1032 4738 Longobnrdioo.
1073 4667 1249 4723 Eberhardue
1271 4666 1335 4721 abb.
1356 4666 1532 4722 Faberiensis
1554 4666 1635 4722 dedii
1657 4667 1736 4722 Meto

79 4745 108 4796 ei
125 4743 325 4804 Walter-evilo.

791 4881 1020 4957 MARTIUS.

184 5006 345 5063 Wuliherus
362 5011 397 5065 de
411 5012 573 5068 Wediewile
591 5032 628 5068 m.
642 5033 668 5068 n.
690 5014 770 5069 dedii
788 5015 1015 5081 Eberhormwile,
1042 5015 1071 5070 in
1091 5015 1221 5070 Veminoe
1243 5017 1274 5070 et
1293 5015 1325 5069 in
1343 5013 1482 5068 Flumnee.
1513 5011 1589 5068 Gom.
1607 5012 1736 5068 Uolrious

79 5092 112 5148 de
131 5093 259 5159 Βιιιιιιίιι,
277 5096 432 5153 Richkarte
450 5117 519 5155 uxor
537 5101 620 5155 eiun³
650 5101 725 5157 Com.
742 5102 829 5157 Heseo
848 5105 878 5157 ei
895 5102 974 5158 Gisia
991 5101 1026 5156 de
1039 5102 1227 5156 Buconnasioh
1246 5117 1316 5157 uxor
1333 5100 1393 5155 eius
1411 5102 1463 5154 eie.
1493 5099 1613 5154 Domino
1632 5099 1736 5154 Irmen-

79 5178 188 5248 gardis,
215 5185 305 5238 muter
326 5185 432 5239 domini
451 5186 605 5241 Hermenni
631 5187 756 5251 obbatis,
784 5187 863 5242 dedii
881 5186 1027 5259 praedium
1055 5187 1085 5240 in
1103 5186 1284 5242 Riohenbach
1309 5188 1337 5240 ei
1355 5183 1547 5240 molendinum
1573 5183 1604 5238 in
1622 5184 1735 5240 Ilnowe.

80 5269 198 5325 Domina
215 5271 370 5328 MochIhild
389 5275 424 5329 de
441 5274 643 5330 Hiltboltswile
661 5275 741 5330 dedit
759 5274 905 5345 praedium
923 5274 953 5328 in
974 5273 1140 5329 Annewiler.
1171 5272 1348 5328 Bemhnrdue
1366 5271 1446 5326 dedii
1459 5270 1654 5337 Witienhoim
1673 5289 1737 5327 oum

182 5484 207 5550 Ιι)
226 5483 295 5536 Nota
312 5487 385 5538 uncie
402 5487 503 5539 indm
521 5487 622 5539 mmm
639 5489 743 5540 caerulo
757 5485 835 5538 XVI.
854 5487 947 5538 addito
964 5494 1008 5538 ort.

184 5623 205 5690 ι)
225 5622 261 5675 In
272 5623 405 5691 morpim:
431 5623 526 5678 nobilio
537 5622 635 5678 senior.
728 5625 752 5691 ι)
771 5620 998 5690 Superrurptuw
1014 5619 1151 5689 Zerinpen.
1242 5621 1265 5684 o)
1284 5616 1400 5672 Nomine·
1413 5617 1577 5674 uictumae
1591 5618 1739 5675 Trdrudiur

81 5705 234 5778 adscripsit:
250 5725 336 5764 mrnoe
353 5709 452 5780 Aprili.

184 5810 266 5861 Nrcn.
286 5811 350 5862 Auo.
368 5809 515 5862 Cous-rem.
533 5810 598 5863 cur.
1496 5799 1532 5854 46
