4492 6444
669 397 931 456 NECROLOGIUM
950 401 1348 458 BENEDIOTOBURANUM.

872 647 1146 723 NOVEMBER.

197 805 222 857 1.
347 801 403 854 kal.
441 801 608 855 Adalbertus
627 798 690 853 abb.
710 802 739 852 et
756 797 862 868 primus
881 799 1014 853 fundator
1032 799 1062 852 in
1080 799 1244 867 Tegei-uses.

196 891 223 946 3.
291 891 330 944 III
348 908 412 944 non.
441 890 522 943 Ann.
542 885 698 943 Heinriei
718 884 852 941 comitis
870 885 909 939 de
927 885 1143 942 Esehenloeh
1162 888 1195 940 et
1213 887 1356 956 Agnetis
1374 887 1490 942 uxoris
1509 888 1589 944 eius.

196 981 222 1032 6.
264 978 330 1031 VIII
348 977 386 1031 id.
440 975 586 1031 Udalrieus
604 974 667 1028 abb.
686 972 716 1027 in
734 972 866 1027 Seheurn.

179 1066 223 1118 11.
288 1065 328 1120 III
347 1064 384 1118 id.
439 1063 596 1117 Ludovious
615 1061 679 1116 abb.
698 1059 781 1114 huius
798 1058 861 1114 Ioci.

176 1151 222 1205 22.
301 1150 400 1205 Xkal.
436 1149 572 1204 Henrieus
590 1147 654 1202 abb.
672 1147 756 1201 huius
773 1146 835 1201 loci,

176 1237 221 1292 25.
275 1237 327 1292 VII
345 1238 401 1292 kal.
437 1237 574 1291 Hem-icus
592 1235 668 1306 prior
687 1251 714 1288 11.
733 1251 755 1287 e.

176 1325 223 1381 29.
287 1325 326 1379 111
346 1325 403 1381 kal.
438 1323 606 1378 Wilhelmus
624 1322 687 1376 abb.
707 1321 789 1376 huius
808 1318 871 1373 Ioci.

177 1413 221 1468 30.
300 1411 327 1466 11
344 1412 401 1467 kal.
436 1411 573 1467 Henrieus
591 1409 655 1476 dux,
674 1409 808 1464 fundator
826 1406 853 1460 S.
872 1406 1022 1461 Lamberti.

871 1631 1137 1704 DECEMBER.

197 1785 223 1837 8.
291 1783 331 1836 VI
347 1782 386 1836 id.
439 1785 518 1837 Ann.
537 1781 711 1837 Crisianni
731 1782 979 1835 Pientzenauer
996 1779 1017 1832 Ii
1036 1781 1068 1833 ei
1086 1779 1264 1834 Elisabeth
1281 1781 1396 1835 uxoris
1415 1780 1497 1836 eius.

181 1871 223 1923 11.
289 1870 329 1923 III
348 1869 386 1923 id.
439 1869 602 1924 Adelhaidis
620 1880 669 1924 ev·
687 1887 714 1924 n.
733 1887 754 1923 c.

181 1959 222 2010 16.
251 1956 329 2010 XVII
346 1955 404 2011 kal.
440 1957 615 2011 Bernnardus
633 1956 716 2011 huius
734 1955 788 2010 loci
807 1955 871 2008 abb.

181 2045 223 2098 19.
265 2044 329 2097 XIV
347 2043 403 2097 kal.
439 2043 596 2096 Bernardus
614 2043 678 2096 abb.
696 2042 779 2096 huius
796 2041 858 2095 Ioci.

179 2132 222 2184 21.
276 2131 328 2184 XII
346 2129 403 2183 kal.
439 2129 526 2184 Aribo
543 2129 607 2183 abb.
626 2128 660 2182 de
679 2129 843 2198 Tegemsee.

179 2217 224 2270 22.
291 2217 330 2271 XI
348 2217 403 2271 kal.
440 2215 583 2271 Conradus
601 2216 664 2270 abb.
683 2216 767 2270 huius
786 2215 847 2270 Ioci.

178 2305 223 2358 25.
263 2303 328 2357 VIII
347 2303 402 2359 kal.
439 2303 581 2358 conradus
599 2301 663 2357 abb.
682 2301 765 2356 huius
784 2301 847 2357 Ioci.

178 2392 223 2445 28.
304 2391 330 2444 V
347 2389 402 2444 kal.
439 2391 619 2460 Margaretha
636 2388 766 2444 monialis
785 2408 812 2442 n.
831 2407 853 2443 e.

178 2478 222 2531 29.
287 2475 325 2530 IV
343 2476 399 2531 kal.
436 2476 645 2531 Werthnandus
663 2494 691 2530 ιι.
710 2494 734 2530 e.
754 2475 810 2546 [ιιι]

802 2774 1189 2782 ...m-..-
1198 2776 1214 2782 .-

564 3257 1049 3390 saeeoaoaloa
1081 3258 1452 3355 massasss.

287 3489 518 3597 Necrolopiam
538 3512 683 3594 primam
704 3511 888 3576 caoceasterii
910 3509 1092 3576 Diesseasis
1118 3513 1343 3579 canonicorum
1369 3514 1578 3598 popularium,
1608 3518 1695 3581 cirea
1717 3537 1839 3582 aeciam

184 3627 268 3686 1130
294 3644 315 3684 a
345 3619 509 3685 comitibus
536 3617 573 3681 de
596 3615 744 3693 Dicssca‚
775 3616 949 3680 maioribus
975 3617 1122 3679 comitam
1152 3617 1189 3681 de
1212 3617 1360 3683 Aodecbs
1382 3625 1411 3683 cI
1432 3619 1550 3684 dacum
1571 3621 1742 3687 Mcraniae
1764 3621 1839 3686 eele-

183 3726 388 3791 berrimorum
413 3721 559 3802 sccccdaii,
591 3725 806 3785 consecoaiam
832 3741 897 3784 noa
926 3723 987 3796 est,
1023 3723 1163 3784 attamen
1194 3721 1259 3785 eice
1287 3722 1355 3786 cias
1378 3744 1482 3804 paene
1510 3724 1660 3806 sanpiIar
1681 3723 1840 3808 eaaaplar

183 3827 327 3894 Lizaoldi
354 3827 499 3891 caiioaici
520 3823 714 3901 Diessensis,
743 3823 827 3904 qaod
852 3821 948 3886 codex
970 3823 1043 3886 Lat.
1068 3823 1273 3888 Moaacaesis
1302 3825 1572 3908 (owocbraaaeeas
1593 3829 1646 3904 2⁰)
1669 3827 1730 3891 No.
1754 3831 1840 3891 1018

182 3934 289 4016 (prius
310 3932 371 3996 No.
395 3932 504 4009 5502,
533 3928 639 3994 Diess.
664 3929 724 3992 No.
749 3929 801 4012 9⁶)
823 3927 968 3991 continet.
1017 3927 1107 4008 Quod
1136 3927 1295 4009 eeanplar
1323 3930 1359 3993 ia
1386 3930 1469 3994 decas
1484 3936 1610 4011 partes,
1641 3929 1719 3996 libro
1742 3931 1840 3995 tradi-

183 4039 303 4102 tionum
326 4036 544 4101 Diessensiam
566 4040 596 4098 et
617 4031 725 4115 requio
747 4054 772 4095 s.
796 4031 974 4112 Aapustiai
996 4031 1188 4109 disiunctas,
1220 4032 1357 4097 division
1379 4039 1436 4112 cst,
1465 4055 1603 4116 quaram
1625 4033 1728 4099 altera
1750 4055 1771 4098 a
1792 4057 1840 4100 me

182 4143 215 4205 A
230 4142 394 4205 micineae
415 4138 469 4220 sol.
486 4140 602 4214 1-19,
627 4137 729 4201 altera
751 4157 773 4199 a
795 4157 842 4200 me
859 4135 893 4199 B
907 4139 1095 4215 accacupabc
1110 4135 1163 4216 foi.
1180 4137 1319 4217 39-o2
1333 4137 1431 4202 baias
1446 4137 1563 4202 codicis
1584 4137 1694 4219 capiet.
1729 4138 1841 4204 Huius

187 4245 352 4309 divisiones
374 4264 506 4308 causam
527 4241 609 4306 banc
631 4262 695 4304 esse
710 4245 810 4321 pato:
838 4237 1010 4303 Liuioidas
1031 4240 1207 4304 moratorie
1228 4242 1412 4304 oemcasierii
1432 4243 1486 4304 sui
1506 4241 1688 4306 nominibus
1710 4242 1839 4323 defunc·

184 4354 287 4414 teram
318 4347 442 4430 impleto
472 4368 587 4411 novum
617 4344 775 4426 eeanpiar
803 4365 980 4425 componere
1011 4344 1119 4408 iassus
1149 4349 1206 4422 cst,
1241 4345 1276 4407 ia
1305 4345 1390 4425 quod
1422 4349 1526 4410 tassice
1551 4351 1680 4427 paciens
1714 4351 1840 4411 motam

185 4453 347 4516 coccinea-m
368 4452 404 4515 ia
425 4449 596 4531 necrolopio
613 4447 723 4529 peiore
744 4447 935 4529 scriptoram
957 4449 1080 4528 recepit.
1126 4446 1180 4514 Sic
1203 4443 1272 4513 orla
1295 4453 1340 4512 est
1355 4469 1439 4530 pars
1453 4449 1495 4513 A.
1545 4447 1624 4516 Occm
1643 4470 1714 4515 vero
1728 4451 1840 4515 deinde

185 4556 358 4636 confratres
380 4554 525 4620 Lictoldi
546 4553 603 4616 boc
624 4552 834 4616 summarium
855 4572 920 4616 aon
934 4553 1122 4633 probarent,
1146 4553 1201 4616 sed
1221 4551 1430 4634 oeerolopiam
1444 4553 1590 4634 primam
1613 4558 1712 4618 totam
1734 4560 1839 4618 trabs-

183 4661 277 4725 scribi
300 4659 427 4737 velant,
458 4658 629 4724 Liatoldus
652 4657 711 4721 bac
733 4679 768 4720 re
790 4663 958 4722 concinctus
980 4663 1035 4736 est,
1065 4663 1102 4722 ut
1124 4658 1254 4722 immina
1275 4657 1442 4741 necrolopii
1463 4659 1587 4740 peioris
1616 4679 1637 4721 a
1663 4680 1696 4723 sc
1724 4659 1840 4724 omissa

185 4765 270 4845 operi
291 4785 349 4829 sao
371 4764 487 4828 addere
502 4763 669 4829 consiliam
684 4769 816 4844 caperet.
857 4765 940 4845 Quia
963 4770 1070 4828 autem
1092 4765 1127 4828 ia
1142 4763 1315 4827 sainmario
1334 4761 1387 4828 ilio
1402 4765 1543 4845 spatium
1557 4765 1655 4828 nimis
1668 4769 1841 4846 aspasiam

184 4874 261 4946 erat,
284 4867 342 4932 illa
360 4869 490 4932 aomina
505 4889 569 4934 noa
588 4889 660 4933 eabe
675 4890 708 4933 eo
724 4868 900 4945 coniunxit,
923 4869 978 4932 seii
991 4889 1028 4932 ea
1043 4869 1080 4932 ia
1088 4873 1184 4949 parte
1198 4865 1233 4930 B
1248 4869 1430 4948 composuit,
1453 4869 1548 4951 quasi
1569 4868 1626 4933 hoe
1641 4873 1719 4932 esset
1733 4889 1840 4933 aecro-

186 4971 300 5054 lopiam
322 4973 376 5036 sai
398 4973 489 5035 iaris.
536 4971 589 5036 Sic
612 4971 783 5036 Liuioldas
811 4972 874 5036 (Iao
902 4972 1088 5035 monasterii
1109 4972 1163 5035 sai
1184 4970 1359 5053 ieecrolopia
1381 4973 1545 5054 scripsisse
1566 4973 1705 5050 videtur,
1733 4993 1841 5036 revera

185 5081 287 5140 aedem
309 5076 342 5140 A
356 5081 385 5140 ei
399 5076 433 5140 B
456 5077 593 5140 ciusdem
615 5077 786 5140 mortuarii
801 5081 941 5157 partes
962 5082 1047 5154 scat,
1071 5097 1152 5157 qaas
1172 5073 1358 5140 Liatoldam
1380 5077 1483 5140 eodem
1504 5075 1571 5155 sere
1592 5081 1726 5156 tempore
1740 5077 1840 5159 scrip-

186 5181 261 5244 sisse
281 5181 386 5261 foroca
413 5179 592 5244 litterarum
622 5182 657 5244 ia
681 5181 727 5244 eis
754 5179 973 5243 adhibitorum
1000 5179 1175 5243 necessario
1204 5178 1406 5246 demoastrat.
1457 5179 1499 5246 Ut
1520 5181 1706 5244 accuratius
1727 5180 1840 5258 dicam,

188 5283 357 5348 Liedoldas
371 5305 449 5364 opus
463 5305 558 5348 suam
580 5289 679 5348 totum
694 5285 790 5348 aoca‘s
806 5286 945 5359 1204212
959 5283 1103 5363 perfecit,
1126 5303 1202 5346 nam
1224 5283 1260 5346 ia
1275 5289 1372 5364 parte
1386 5282 1421 5347 B
1442 5283 1567 5348 pallam
1589 5305 1701 5349 aoown
1722 5283 1842 5348 saccali

191 5385 290 5452 XIII.
316 5387 457 5452 ineuntis
479 5388 669 5466 incepimus,
701 5389 736 5452 io
756 5391 852 5468 pecie
874 5386 907 5450 A
928 5408 1040 5452 aomea
1062 5386 1265 5469 Deyacbardi
1285 5389 1464 5469 propositi
1486 5388 1679 5464 Diessensis,
1708 5389 1766 5469 qai
1791 5388 1842 5452 die

188 5493 237 5554 29.
259 5491 386 5572 Aprilis
408 5493 492 5554 1204
520 5491 609 5569 obiit,
646 5491 850 5556 novissimam
878 5495 923 5554 esi
945 5497 974 5555 et
996 5491 1215 5554 epitomata
1242 5491 1340 5555 baias
1361 5492 1470 5573 pariis
1492 5492 1613 5572 prima,
1641 5513 1662 5555 a
1690 5491 1840 5556 Liuioldo

191 5593 252 5672 ipso
278 5595 457 5674 adscripta,
488 5596 618 5659 aeneiae
641 5593 787 5658 Berioldi
810 5595 990 5674 praepositi
1012 5593 1223 5676 Polliopeasis
1251 5615 1336 5659 aneo
1365 5597 1450 5660 1212
1474 5597 1593 5660 moaci
1615 5601 1644 5660 ci
1669 5594 1840 5662 Gertraciis

191 5698 309 5778 repiiocc
337 5697 496 5780 quariae
517 5719 602 5764 aoceo
626 5701 711 5763 1213
733 5697 854 5764 occisae
875 5704 960 5764 sacci.
