4306 6434
728 396 995 452 Nacnonoulun
1012 397 1332 452 PETRISHUSANUM.

203 572 245 626 18.
289 572 352 626 XIV
372 571 428 625 hel.
464 571 602 624 Albertus.
633 571 797 626 Uodelricns
816 571 875 641 pbr.
906 571 1042 626 Adelbert
1059 571 1078 627 l.

203 660 245 712 19.
289 659 355 712 XIII
372 658 428 712 kal.
464 657 602 712 Martinus
622 657 640 712 l.
670 657 864 712 Buorehardns
882 676 918 712 m.

202 746 245 799 20.
301 745 353 798 XII
371 744 427 799 hel.
462 743 606 798 Folmnrus
632 743 708 810 abb,
741 743 794 798 iste
820 742 976 812 adquisivit
1002 743 1153 798 Rictilinis.
1189 743 1376 813 Engilmerns.
1414 743 1562 797 Pezilinns.
1592 743 1754 797 Weltherns
1778 757 1856 810 ppos.

513 829 539 884 S.
553 829 697 900 Stephani.
726 829 910 885 Ebcrnandns
928 831 992 884 cler.
1022 830 1166 884 Elisabeth
1185 830 1219 885 de
1240 831 1441 885 Itnmenshorn.

203 921 246 973 21.
315 919 353 972 XI
372 917 425 972 hul
461 916 608 986 Egilollus.
633 917 759 972 Itiwinus
771 918 835 972 abb.
858 917 984 972 Trutlint
995 934 1057 983 son,
1070 918 1121 973 hec
1133 916 1212 972 dedit
1225 918 1301 988 apud
1310 918 1436 988 Fispech.
1463 914 1856 985 Judinmsor.dsl3rigsntia.

203 1006 245 1058 22.
328 1004 427 1059 Xkel.
464 1003 629 1058 Bertholdus
647 1006 748 1059 custos.
778 1004 943 1058 Uodalricus
962 1022 1023 1059 cen.

202 1092 425 1146 21111111.
461 1090 641 1146 Gebeherdns
663 1109 698 1144 ιιι.
729 1091 856 1146 Uolricns
880 1091 914 1146 de
933 1090 1070 1160 ilmingen
1094 1090 1177 1156 diec,
1207 1109 1268 1145 cen
1293 1092 1408 1146 ecclesie
1431 1111 1451 1147 s.
1471 1092 1604 1146 Iohannis
1622 1087 1854 1153 constantiensis,

512 1176 591 1231 cuins
609 1177 1442 1248 111.0011111,0111001101ιι11011111111011111121110
1462 1178 1537 1232 Linz
1567 1176 1754 1232 Herimennue
1773 1194 1809 1229 m.

203 1266 246 1319 21
287 1265 353 1319 VIII
372 1265 427 1320 kal.
462 1265 646 1319 Hermennue
676 1264 1368 1320 8111010111.111Ιί1110111110111108101111.

237 1392 244 1404 .
303 1352 355 1405 Vll
373 1352 427 1406 hel.
463 1351 628 1405 Bertholdus
645 1350 722 1415 abb,
743 1351 796 1406 iste
814 1354 879 1422 post
896 1351 1096 1406 Theodericum
1116 1351 1223 1422 prefuit
1239 1351 1321 1406 annis
1340 1353 1385 1418 10,
1409 1353 1492 1407 homo
1511 1351 1726 1422 pinguissimus,
1749 1349 1856 1418 etipse

513 1437 688 1493 comminIvIt
705 1442 869 1507 argenteam
888 1439 1015 1493 tubulem
1033 1438 1169 1492 alterins.
1188 1438 1325 1508 Gregorii.

203 1526 246 1577 22
316 1527 353 1580 VI
373 1527 428 1580 kal.
464 1524 631 1578 Bertholdus
650 1543 685 1578 m.
715 1525 877 1579 Cuonradus
896 1529 925 1579 et
944 1525 1101 1579 Adilheidis
1119 1526 1137 1579 l.

204 1611 246 1666 2.
330 1612 427 1666 Vlrel.
464 1612 647 1666 Hermannus.
666 1612 760 1666 Hesso.
790 1611 923 1666 Adelheit
939 1629 992 1666 sor.
1026 1612 1166 1667 Volo-hert.
1197 1611 1343 1666 Glismuot.

240 1741 246 1752 .
315 1699 353 1752 IV
373 1700 428 1753 kal.
465 1698 611 1753 Hunoldus
629 1717 669 1754 cv.
703 1698 842 1753 Fridirnn.
871 1699 1027 1754 Heinrieus.

240 1827 246 1839 .
313 1786 353 1839 III
372 1786 427 1840 hel.
463 1786 633 1840 Waleuonns
652 1803 693 1840 cv.
722 1785 829 1840 Gebino
847 1786 882 1840 dc
895 1786 1085 1856 Pfruwengin,
1103 1786 1156 1840 iste
1175 1786 1255 1840 dedIt
1273 1785 1496 1855 R-ingginwilere
1514 1788 1544 1839 et
1556 1783 1809 1838 Frimenniswilare
1828 1784 1858 1836 et

513 1871 763 1928 Tsnkiretewilare
781 1876 810 1927 ct
828 1872 963 1942 optimam
982 1875 1105 1928 casulem
1124 1873 1212 1928 crocei
1232 1873 1339 1928 coloris.
1373 1873 1528 1928 Burchlint.
1557 1871 1727 1928 Cuonredns.

240 1998 246 2008 .
329 1959 354 2013 Il
374 1960 429 2013 kal.
466 1959 633 2014 Bertholdus
652 1959 669 2012 l.
700 1958 829 2013 Adilheit
845 1959 864 2013 l.
895 1959 1013 2014 Offemia
1030 1960 1049 2015 l.

911 2157 1147 2232 OCTOBER.

240 2294 246 2305 .
374 2252 429 2305 hal.
466 2251 574 2306 Pezzila
591 2252 609 2307 l.

240 2380 246 2392 .
315 2340 355 2393 VI
374 2356 437 2393 non.
465 2339 544 2392 Amo.
576 2339 659 2393 Otine
678 2339 695 2392 l.

241 2467 247 2479 .
331 2425 438 2480 Vnon.
466 2425 641 2479 Bertholdus.
673 2424 747 2480 Otto.

240 2554 245 2565 .
318 2512 356 2566 IV
374 2529 437 2565 non.
467 2512 601 2566 Uolrieus.
631 2512 792 2566 Ruodollus.
824 2511 992 2582 Sigismerns
1010 2532 1046 2566 m.

238 2641 245 2651 .
314 2599 353 2653 III
372 2616 436 2652 non.
463 2599 548 2652 Hanr.
567 2589 601 2653 de
621 2598 790 2668 Kruzlingen
809 2599 880 2664 abb,
899 2599 977 2654 euius
995 2618 1060 2654 ann.
1079 2600 1188 2654 colitur.

239 2730 245 2740 .
329 2684 355 2737 II
374 2701 437 2737 non.
465 2685 616 2740 Richolfus.
645 2685 780 2739 Henrieue
799 2685 816 2738 I.
847 2686 1017 2740 cuonradus.

373 2788 437 2825 non.
464 2772 624 2827 Rnodollus.
655 2772 764 2844 Witigo
782 2774 856 2843 pbr..
881 2773 934 2827 iste
957 2773 1026 2828 emit
1043 2793 1061 2827 a
1078 2776 1247 2829 monasterio
1266 2779 1373 2845 purtem
1392 2776 1481 2845 predii
1502 2774 1671 2844 Frichingen
1690 2775 1719 2827 et
1737 2771 1856 2826 tradidit

512 2858 583 2912 illud
596 2859 697 2914 iterum
710 2877 743 2913 en
752 2858 921 2924 conditione,
934 2862 967 2913 ut
978 2860 1112 2914 fratribus
1124 2861 1189 2915 inde
1199 2862 1250 2916 hec
1260 2862 1305 2917 die
1315 2863 1460 2917 servietur.
1485 2861 1631 2931 Menegolt
1644 2860 1661 2914 l.
1685 2857 1856 2915 Cuonredns.

237 2989 243 3000 .
285 2945 352 2999 VIII
371 2945 408 3000 id.
461 2945 600 3015 Wolpero.
633 2946 786 3000 Heinricus.
816 2945 986 3000 Cuonredns.

239 3075 244 3085 .
304 3032 357 3085 VII
374 3032 410 3085 id.
463 3033 621 3101 Ruopertue
639 3050 676 3087 ιιι.

240 3160 246 3169 .
318 3119 357 3171 VI
373 3118 434 3172 id.'
465 3121 579 3174 hlehtilt
597 3121 615 3174 l.

206 3207 246 3258 11.
333 3205 413 3260 Vid.
466 3206 639 3261 Bertholdus.
671 3205 814 3259 Elisabeth
833 3215 917 3260 oom‘.

206 3292 245 3344 12.
316 3292 356 3344 IV
373 3291 409 3345 id.
462 3294 613 3348 Witoldus.
643 3292 809 3347 Bertholdus
826 3311 872 3356 m.‚
890 3292 968 3346 euius
986 3310 1050 3345 ann.
1069 3291 1178 3346 colitur.
1210 3291 1380 3346 Adilbertns.

206 3378 246 3430 13.
316 3378 356 3431 Ill
374 3378 411 3432 id.
463 3379 643 3433 Paldiwinus.
674 3379 821 3432 Mercwart
838 3379 856 3432 l.
887 3377 1019 3432 Adclheit
1036 3378 1054 3431 l.
1086 3377 1247 3431 anodollus.
1278 3377 1423 3432 Cunredus
1441 3378 1475 3432 de
1494 3378 1701 3448 Bermctingen.

206 3463 245 3517 ll.
329 3465 355 3518 II
373 3465 410 3519 id.
464 3466 610 3521 Heinrieus
627 3467 692 3521 cler.
722 3467 891 3520 Wernherus
909 3465 970 3535 pbr.

207 3554 248 3606 15.
374 3551 411 3606 id.
464 3553 579 3608 Gerwic.
609 3554 763 3608 lirnoldns.¹
785 3553 974 3607 Iteinrboldus.
1001 3552 1197 3622 Reginhardus
1214 3571 1249 3606 m.
1283 3553 1384 3607 111ιί10.

206 3640 246 3692 16.
275 3638 354 3692 XVII
372 3638 427 3694 hel.
463 3639 551 3710 Eppo.
575 3641 729 3695 Heinricns.
755 3640 910 3694 Adilhcitl.
933 3639 1149 3702 Burehardnsl.,
1163 3639 1209 3693 hic
1221 3639 1300 3694 dedit
1312 3639 1392 3693 nobis
1405 3637 1531 3708 predium
1544 3637 1620 3707 apud
1630 3638 1856 3709 Stusnilingen‚·)

517 3731 547 3782 et
565 3729 682 3782 debetur
699 3729 834 3782 Imbribus
852 3728 904 3782 hac
922 3727 967 3781 die
985 3726 1051 3781 inde
1069 3726 1231 3780 ministrari.

206 3811 246 3864 17.
289 3811 353 3864 XVI
372 3812 428 3866 kal.
464 3815 638 3869 bertholdus.
669 3815 801 3869 Adilheit.
832 3814 985 3869 ltnodolfus
1005 3815 1092 3878 miles,
1112 3814 1226 3868 Mehtilt
1246 3831 1315 3867 uxor
1332 3832 1390 3877 sne,
1410 3813 1563 3868 Ruodolfus
1582 3811 1857 3868 etCuonrednsfllii.

207 3899 248 3952 18.
306 3898 355 3951 XV
375 3899 428 3951 kal.
465 3903 518 3958 Pro
536 3903 727 3958 recordatione
745 3904 921 3958 dominorum
939 3902 974 3956 dc
993 3903 1096 3957 Sancto
1114 3905 1209 3957 monte
1228 3902 1343 3957 handle
1362 3901 1576 3956 ministrandum
1596 3903 1639 3956 est
1655 3899 1797 3954 fratribus.

207 3985 247 4037 19.
291 3985 356 4038 XIV
374 3986 429 4038 kal.
466 3990 593 4044 Uolrieus
611 3991 684 4060 pleb.
716 3992 799 4045 Pente
817 3991 835 4045 l.
866 3991 1001 4045 Itiwinns.

205 4073 248 4127 21.
302 4071 355 4125 XII
373 4073 429 4127 kal.
464 4077 582 4132 Psltere.

205 4159 248 4211 22.
319 4158 357 4211 XI
374 4159 430 4212 kal.
466 4163 610 4218 Ludiwich
628 4164 663 4218 de
681 4163 843 4232 Ephindorl.
874 4162 1007 4218 eilbertus
1025 4163 1088 4216 cler.
1121 4162 1239 4232 buignrt
1256 4180 1308 4217 sor.

207 4245 249 4298 23.
332 4245 430 4301 111111.
465 4249 617 4305 Winihnrt.
646 4250 817 4303 waltherus.

207 4331 248 4384 21.
320 4332 357 4384 IX
375 4333 431 4386 lrel.
467 4336 620 4390 Rnodolfns
637 4337 700 4391 abb.
731 4336 858 4390 Illizahet
874 4335 1010 4389 ministra.

208 4417 249 4472 25.
292 4417 357 4472 VIII
376 4420 430 4474 kal.
465 4422 608 4492 Depositio
629 4423 769 4478 Cuomadi
788 4421 972 4492 Augustensis
991 4423 1042 4491 epi.
1073 4421 1220 4476 Hailwich.

208 4503 250 4556 et.
304 4506 356 4560 VII
374 4507 430 4562 hal.
466 4509 565 4563 Wezil.
595 4510 756 4564 Dietericus

209 4590 249 4643 21.
317 4592 356 4646 VI
374 4595 430 4648 hal.
466 4595 618 4651 Folmerus
649 4596 847 4651 Uodalricusl.
877 4595 1053 4650 Burcherdus
1071 4594 1132 4664 pbr

209 4679 249 4731 28.
334 4679 429 4734 vkal.
466 4681 627 4750 Sigisiridus
645 4683 679 4736 de
697 4683 856 4737 Shefhnsen
874 4680 1540 4750 111.1101110111011111111.0101111111.

210 4765 249 4817 29.
322 4766 358 4819 IV
375 4767 430 4821 kal.
466 4769 648 4825 Eberhardus.
677 4769 831 4824 Heinricus.
860 4769 1030 4823 Cnonrndus.
1061 4769 1137 4823 Otto.
1168 4769 1219 4822 Pet
1220 4786 1266 4821 rus
1284 4768 1348 4822 abb.
1367 4768 1401 4822 de
1419 4767 1485 4822 Scot
1486 4768 1511 4820 h.
1473 4769 1542 4836 tb)

210 4853 250 4906 31.
331 4852 356 4906 11
376 4853 431 4910 kal.
466 4855 646 4920 Bertholdus‚
670 4857 716 4911 hic
737 4856 817 4910 dedit
836 4855 1005 4910 monasterio
1023 4855 1150 4925 predium
1173 4873 1253 4910 sunni
1276 4855 1351 4926 apud
1372 4855 1558 4909 Ilattirswiler
1576 4873 1610 4909 ee
1627 4823 1801 4918 conditione,
1826 4857 1859 4908 ut

518 4943 653 4998 fratribus
671 4945 723 5000 hec
740 4943 786 4998 die
804 4943 869 4998 inde
887 4942 1069 4997 ministretur.
1160 4951 1161 4954 ’

895 5140 1170 5216 NOVEMBER.

231 5253 253 5306 l.
333 5256 359 5309 II
377 5272 440 5310 non.
468 5257 630 5311 Ruodollus.
660 5256 822 5312 Cnonmdus
840 5273 875 5310 m.

231 5339 254 5392 5·
375 5360 440 5398 non.
467 5345 634 5398 Bertholdns
651 5345 716 5398 dux.
749 5343 895 5398 hiutoldus
913 5344 931 5397 l.

232 5428 256 5478 1.
295 5427 360 5482 VIII
377 5429 415 5484 id.
468 5430 658 5485 wicmannus.
688 5429 829 5486 Gerwious
847 5430 907 5501 pbr.

233 5509 257 5566 I.
309 5513 360 5569 VII
377 5516 414 5570 id.
466 5516 637 5572 wernherus
654 5535 690 5570 m.
720 5516 908 5570 Herimennus
925 5517 945 5570 1.
974 5515 1093 5570 Reillint
1111 5533 1163 5571 sor.

319 5643 1328 5654 —-...-—-.—..————————-————-—
1336 5643 1419 5647 *-—-—-
1432 5643 1448 5647 -
1458 5641 1623 5648 —-·-———·—
1641 5643 1751 5648 —-—·—-

316 5727 340 5792 ⁵)
359 5729 469 5797 Cori-ip:
486 5730 662 5797 Stiueilinpen.
765 5727 790 5795 b)
809 5728 969 5796 hyadum
988 5727 1071 5780 Sectis
1089 5725 1178 5794 [cetra
1194 5727 1370 5779 murosurbis
1390 5724 1613 5795 OomtentimuisJ.

318 5825 397 5876 Nece.
415 5827 480 5880 Auo.
498 5827 644 5879 corsrrar.
663 5826 727 5879 cun.
1620 5820 1653 5874 41
