4388 6442
373 390 414 451 94
504 382 613 437 LIBER
631 377 994 435 ANNIVERSARIORUM
1013 376 1059 430 ET
1079 373 1344 429 NECIIOLOGIUM
1363 370 1593 425 MONAS'I'ERII
1611 369 1900 425 KAISHEIMENSIS.

391 559 415 612 3.
483 557 524 610 III
540 572 605 610 non.
632 555 704 608 Ann.
718 551 898 608 Berehtholdi
916 549 951 604 de
963 548 1172 604 thm0tsheim
1191 551 1220 601 et
1237 546 1331 601 uxoris
1344 546 1410 600 eins.
1442 545 1591 598 Itemann.
1605 543 1864 606 omniumiilornm.
1883 543 2038 612 dequibus

685 640 820 693 habemus
838 655 922 692 unam
942 636 1089 691 candelam
1106 652 1156 704 per
1171 635 1307 702 hyemem.
1338 633 1389 688 Ob.
1407 631 1546 687 Arnoldns
1560 631 1752 686 Nunnenbeck
1774 649 1835 686 oan.
1851 630 2038 699 Eystetensis.

393 734 418 786 6.
459 730 525 783 VIII
543 728 581 782 id.
634 727 707 780 Ann.
726 723 850 779 Udalriei
869 724 913 792 epi
932 721 1126 776 Sebastiensis.

394 819 443 894 ’1.ν
471 816 524 869 VII
541 815 579 868 id.
634 812 685 867 Ob.
703 813 735 865 fr.
753 812 872 865 Ioannes
896 809 930 862 de
954 808 1137 862 Ebenhansen
1156 824 1210 861 sac.
1223 807 1252 860 et
1264 823 1312 868 m..
1336 803 1405 858 item
1424 803 1568 858 Elisabeth
1593 803 1728 874 pincerna
1752 803 1787 859 de
1807 803 2038 875 Wittesslingen‚

687 915 740 966 que
759 896 839 950 dedit
856 896 937 951 nobis
956 896 1068 949 domum
1087 894 1117 948 in
1135 893 1328 948 Hbchstetten.

394 990 419 1043 8.
489 987 529 1041 VI
546 985 585 1042 id.
637 985 709 1040 Anu.
728 983 842 1037 Henrici
861 981 896 1035 de
915 980 1078 1051 Scheppaoh
1096 982 1125 1034 et
1143 979 1284 1047 Ramngi
1302 978 1337 1031 de
1355 977 1523 1032 Huissheim.

394 1077 418 1128 9.
500 1073 526 1127 V
543 1073 581 1127 id.
635 1071 687 1126 Ob.
710 1074 804 1140 patres
829 1069 976 1139 Rndgerus
1003 1068 1143 1137 quondam
1172 1067 1301 1136 subprior
1325 1069 1354 1119 et
1377 1063 1523 1119 Udalricus
1548 1065 1674 1119 Rentner
1697 1065 1801 1120 artium
1826 1065 2041 1130 determinatur,

690 1175 743 1212 sae.
757 1160 786 1210 et
797 1175 843 1220 m.,
863 1158 939 1211 1462.

379 1249 421 1304 10.
487 1246 527 1304 IV
545 1245 583 1298 id.
636 1249 710 1301 Ann.
729 1243 897 1314 Erekengeri
916 1243 951 1298 de
969 1243 1152 1311 Reobenberg
1170 1245 1199 1295 et
1217 1242 1300 1309 Myae
1318 1241 1352 1294 de
1371 1239 1535 1293 Kralsheim.

380 1336 420 1389 13.
547 1332 584 1385 id.
637 1333 709 1386 Ann.
735 1331 863 1400 magistri
890 1331 1041 1385 Truttwini
1070 1330 1100 1384 in
1125 1329 1280 1399 Esinngen.
1321 1327 1371 1382 Ob.
1397 1327 1554 1382 Gottfridus
1586 1327 1621 1381 de
1645 1329 1807 1399 Grayspaeb
1834 1331 1863 1382 et
1888 1327 2041 1384 Elisabeth

692 1436 762 1472 uxor
779 1435 846 1472 erus.

381 1508 421 1561 14.
434 1506 528 1560 XVIII
545 1505 603 1558 kal.
638 1507 710 1559 Ann.
730 1505 892 1573 Marquardi
911 1505 945 1558 de
964 1504 1133 1558 Rudesheim
1153 1503 1213 1558 cani
1231 1502 1412 1571 Eystetensis.

382 1595 421 1647 18.
464 1592 529 1646 XIV
548 1591 604 1646 kal.
641 1593 712 1645 Anu.
732 1593 830 1645 Annae
848 1592 975 1646 ducissae
993 1592 1027 1646 de
1047 1592 1130 1655 Dect,
1148 1591 1243 1644 mariti
1263 1590 1323 1644 eius
1341 1593 1370 1642 et
1388 1588 1538 1642 liberorum
1558 1588 1717 1642 eorundem.

381 1682 423 1734 21.
492 1679 530 1733 Xl
547 1679 604 1732 kal.
640 1682 711 1732 Ann.
730 1679 896 1734 Meinwardi
915 1679 949 1732 de
968 1679 1142 1747 Nordlingen
1162 1683 1191 1732 et
1209 1677 1321 1731 Henrici
1340 1675 1462 1730 aurificis
1480 1675 1515 1727 de
1534 1664 1679 1744 Ottingen.

381 1766 423 1818 22.
502 1766 528 1818 X
546 1766 602 1818 kal.
639 1766 689 1820 Ob.
709 1768 742 1820 fr.
760 1766 946 1834 Marquardus
970 1767 1004 1820 de
1023 1766 1170 1835 Lyerheim
1192 1766 1332 1836 portarius
1356 1767 1385 1818 et
1402 1762 1564 1818 Leonardus
1583 1763 1791 1831 Mangmeister.
1817 1762 1908 1817 dietus
1927 1765 2044 1835 Burger‚

695 1855 772 1916 1323,
790 1870 844 1907 sac.
858 1856 887 1906 et
898 1871 935 1906 m.

383 1939 426 1992 25.
478 1937 532 1991 VII
550 1938 606 1992 kal.
642 1939 715 1992 Ann.
734 1939 846 1993 illorum
865 1939 899 1992 de
918 1939 1135 2007 RammiIngen.¹

383 2024 426 2077 27.
509 2024 534 2077 V
552 2025 607 2079 kal.
642 2028 714 2080 Anu.
734 2025 847 2080 Henrioi
867 2025 1014 2079 [udmanni
1034 2029 1063 2079 et
1081 2025 1228 2080 Geitrudis
1247 2023 1341 2078 uxoris
1361 2023 1428 2077 eius.

385 2111 427 2164 30.
505 2111 532 2164 Π
550 2111 606 2165 kal.
643 2116 714 2167 Ann.
733 2112 862 2166 Hertnidi
883 2111 996 2182 plebani
1014 2112 1045 2164 in
1058 2113 1209 2176 Fiinfstatt
1228 2111 1422 2165 itoinloannis
1441 2112 1591 2180 pincernae
1609 2110 1891 2164 deSehweinissbain
1911 2114 1940 2165 et
1958 2113 2046 2167 trium

698 2217 815 2254 nxomni
834 2216 901 2253 eins.

1084 2324 1352 2397 DECEMBER.

404 2457 430 2511 2.
498 2456 537 2510 IV
555 2473 619 2510 non.
646 2457 718 2510 Ann.
736 2457 857 2511 Conradi
875 2457 909 2510 de
927 2456 1110 2526 Iteehenberg
1127 2456 1227 2510 militis
1251 2460 1280 2510 et
1298 2457 1460 2510 Adelheidis
1483 2457 1518 2511 de
1538 2457 1679 2512 Rietheim
1697 2457 1791 2512 uxoris
1810 2457 1941 2511 eiusdem.
1974 2459 2046 2512 Item

698 2561 748 2612 per
769 2545 860 2597 toturn
880 2542 1039 2596 Adventum
1062 2543 1201 2597 habeatur
1218 2544 1352 2598 mensoria
1370 2543 1457 2598 Ulriei
1476 2544 1576 2598 militis
1594 2545 1629 2599 de
1648 2545 1868 2614 Trebchtlingen
1886 2546 1914 2597 et
1932 2543 2046 2598 illorum

700 2629 735 2682 de
753 2631 870 2697 Neyfen.

407 2717 432 2770 4.
511 2716 537 2768 11
556 2733 621 2769 non.
648 2717 719 2769 Ann.
739 2717 831 2769 Caroli
850 2715 884 2769 de
902 2715 1086 2785 Reohenberg
1104 2719 1133 2769 et
1151 2717 1245 2770 uxon's
1264 2717 1332 2771 eins.

408 2807 433 2857 I).
558 2821 622 2856 non.
650 2803 721 2856 Ann.
741 2802 874 2856 Bernardi
894 2803 928 2856 de
947 2803 1089 2856 Bbrnfeid.

408 2891 434 2944 6.
473 2889 541 2943 VIII
558 2889 596 2942 id.
649 2888 699 2943 Ob.
717 2888 853 2957 magister
871 2889 1057 2956 Hyeronimus
1076 2889 1110 2943 de
1129 2890 1300 2960 Sydenberg.
1319 2891 1417 2945 doctor
1435 2891 1616 2946 decretorum.

384 2975 432 3030 ’7.
504 2976 542 3029 VI
560 2976 597 3028 id.
652 2976 702 3030 Ob.
721 2976 858 3046 Georgius
875 2976 938 3029 abb.
969 2977 1155 3031 Caesariensis
1175 2980 1249 3033 1419.

393 3064 434 3117 13.
559 3063 596 3115 id.
649 3064 720 3117 Ann.
740 3063 852 3117 domine
870 3065 905 3118 de
923 3065 1148 3119 Westerstetten.

393 3149 434 3203 14.
474 3149 539 3202 XIX
557 3148 613 3201 kal.
650 3149 701 3204 Ob.
719 3150 837 3204 Ioannes
855 3170 933 3221 ppos.
952 3153 982 3206 in
1000 3152 1203 3216 Suelenhoven.
1221 3155 1307 3207 frater
1325 3153 1439 3222 Georgii
1458 3154 1574 3207 Castner
1591 3153 1703 3206 abbatis
1722 3153 1916 3218 Caesariensis,
1938 3155 2015 3208 1490.

394 3237 434 3289 16.
461 3234 540 3288 XVII
558 3235 614 3288 kal.
652 3237 722 3291 Ann.
741 3238 863 3292 Cnnradi
884 3240 1036 3294 Iarsdorfer
1058 3245 1087 3295 et
1108 3241 1234 3295 omnium
1258 3241 1484 3311 progenitorum,
1512 3240 1560 3308 qui
1583 3240 1627 3295 ob.
1649 3241 1680 3293 in
1704 3240 1930 3310 peregrinatione
1954 3245 2052 3296 eontra

705 3323 816 3379 Tureas.

394 3414 435 3467 17.
477 3413 542 3466 XVI
560 3412 615 3466 kal.
652 3412 723 3464 Ann.
743 3411 861 3466 duorum
883 3412 1001 3466 fratrum
1020 3413 1054 3466 de
1072 3414 1247 3468 ViIIenbaeh.
1279 3415 1329 3469 Ob.
1349 3416 1431 3468 Anna
1449 3415 1484 3468 de
1502 3415 1664 3483 Grayspacb
1691 3413 1822 3468 monialis
1844 3414 1874 3466 in
1893 3414 2051 3469 Schbnfeld.

395 3501 435 3554 18.
492 3500 543 3553 XV
561 3499 618 3552 kal.
654 3498 704 3553 Ob.
722 3499 754 3552 fr.
774 3499 909 3554 Henrious
929 3501 1030 3554 Planer
1047 3502 1230 3555 confessarius
1248 3503 1277 3554 in
1298 3502 1448 3564 Kirebaim‚
1467 3520 1520 3555 sac.
1535 3505 1620 3565 etna,
1642 3502 1716 3556 1427.

393 3587 436 3639 20.
478 3585 544 3639 XIII
561 3585 618 3638 kal.
653 3588 726 3641 Ann.
750 3587 941 3657 Christopbori
970 3588 1090 3657 dapiferi
1118 3589 1152 3642 de.
1177 3589 1427 3643 Wilburebstetten
1456 3593 1485 3642 et
1509 3589 1647 3642 Petrissae
1672 3588 1706 3641 de
1729 3588 1878 3640 Wolsstein
1905 3591 1933 3641 et
1958 3590 2055 3656 Styrer

705 3673 812 3728 militis.
844 3675 895 3729 Ob.
914 3676 1090 3728 Hermannus
1108 3675 1143 3729 de
1162 3677 1350 3745 Argentorato
1369 3681 1398 3730 et
1416 3677 1592 3730 Hermennus
1611 3675 1802 3744 Nbrdlinger.²

395 3761 437 3813 21.
493 3759 545 3812 XlI
563 3758 618 3812 kal.
655 3764 727 3814 Ann.
746 3761 916 3830 Erclrengeri
936 3761 971 3815 de
990 3761 1172 3830 Reohenbsrg
1190 3763 1289 3815 militis
1309 3766 1338 3817 et
1356 3763 1507 3831 iungendis
1527 3764 1561 3816 do
1579 3763 1781 3832 Merckhingen
1800 3763 1893 3817 uxoris
1911 3779 1985 3816 suae.

396 3849 437 3900 23.
518 3845 542 3899 X
562 3845 618 3899 kal.
655 3848 725 3899 Anu.
746 3847 869 3900 Udalrici
889 3847 1006 3916 plebani.
1022 3848 1051 3901 in
1070 3849 1249 3918 Tappfheim.

396 3933 438 3985 27.
507 3931 545 3985 VI
563 3932 619 3985 kal.
657 3933 727 3986 Ann.
747 3932 834 3987 Ulrioi
853 3932 932 3986 ducis
951 3934 1124 3988 Kariathiae.
1160 3938 1232 3991 Ann.
1251 3936 1399 3990 Elisabeth
1418 3937 1511 3991 uxoris
1532 3937 1710 3990 Rerehtholdi
1730 3936 1830 3990 militis
1848 3937 1882 3990 de
1902 3938 2020 4004 Geyren.

396 4020 439 4073 31.
522 4019 548 4072 II
566 4018 623 4072 kal.
659 4020 710 4074 Ob.
731 4020 876 4074 Udalrieus
896 4020 1024 4091 Nyinng
1041 4022 1104 4075 abb.
1126 4024 1200 4086 1352,
1219 4023 1325 4091 primus
1343 4023 1476 4077 fundator
1493 4023 1576 4077 huius
1595 4023 1693 4092 templi
1712 4023 1906 4076 Caesariensis.

504 4265 525 4332 ι)
547 4263 603 4316 Pro
620 4280 649 4316 eo
666 4263 769 4318 duntur
786 4265 927 4318 conv-eom·
945 4268 1004 4319 ott
1022 4263 1059 4317 Η.
1077 4264 1128 4316 sub
1141 4280 1237 4332 poeno.
1343 4267 1365 4332 a)
1386 4264 1526 4318 Dederunt
1544 4267 1657 4320 salicem.
