4298 6436
180 402 407 458 FRAGMENTA
425 402 471 457 ΕΤ
490 401 684 458 EXCERP'I'A
703 402 801 458 LIBRI
820 403 1181 460 ANNIVERSARIORUM
1200 405 1386 460 ΑΒΒΑΤΙΔΕ
1405 404 1630 461 TURICENSIS.
1671 410 1739 472 539

74 585 115 638 15.
130 580 223 636 XVIII
242 580 298 635 kal.
334 577 502 648 [Wilburgis
520 576 555 631 de
569 567 736 632 Boustctten
754 577 913 632 claustralis
931 577 1015 632 huius
1032 579 1204 635 monasterii.
1234 579 1414 650 Margaretha
1426 578 1613 650 Engelhartin
1632 578 1737 634 ancillo

447 674 459 703 ⁰
513 706 520 717 ο

75 759 115 812 lu.
144 754 223 809 XVII
241 753 297 807 kal.
334 663 461 822 [laciiis
477 664 700 804 Moicndinarius
718 750 807 804 miles.
840 752 924 806 Anna
948 769 1018 807 uror
1036 752 1176 807 Walthcri
1200 753 1235 808 de
1254 753 1433 808 Bllnishoven
1451 753 1559 808 militie.
1599 751 1737 807 Iohannes

385 838 466 906 Thya
484 840 581 892 cantor
599 837 811 906 praepositurae
824 837 1003 892 Thuriccnsis
1021 840 1050 892 et
1067 839 1150 894 huius
1166 839 1329 895 monasterii
1342 856 1403 894 can.
1416 839 1461 895 ob.
1493 839 1654 894 adelheidis
1668 855 1738 893 uror
1758 899 1762 908 .

387 923 514 995 Hugcuis
532 924 602 978 dicti
622 923 780 993 Milchelisl

75 1019 116 1072 11.
159 1015 224 1070 XVI
242 1014 298 1068 kal.
335 1012 466 1084 [Berchta
483 1011 517 1066 de
536 1011 639 1066 Tessen
658 1011 769 1074 nobilis,
788 1029 843 1080 que
862 1011 942 1066 dedit
959 1013 1018 1068 au
1036 1013 1073 1068 ad
1090 1013 1223 1069 casulum.
1253 1014 1378 1069 Judeuta
1395 1014 1431 1069 de
1449 1015 1576 1084 dassen]

76 1106 115 1160 18.
174 1102 225 1156 XV
243 1101 299 1155 kal.
336 1097 482 1162 (Dominus
505 1098 539 1153 H.
565 1099 599 1152 de
624 1099 775 1170 Kilcbberg
793 1099 868 1180 ob.¹)
905 1101 1096 1170 [Margaretha
1119 1101 1196 1155 dicta
1215 1101 1342 1156 Zollerin.
1381 1101 1535 1156 Mechthild
1559 1118 1629 1156 uror
1647 1071 1735 1156 Ulrici
1787 1163 1790 1170 Ι
1848 1124 1853 1131 ·

386 1184 486 1239 militis
504 1185 572 1239 dicti
593 1185 762 1254 Bdmbeler.l

76 1279 117 1332 19.
159 1275 224 1330 XIV
244 1273 299 1328 lral.
338 1271 464 1340 [lacobus
482 1271 584 1326 Muller
602 1272 700 1342 miles]

74 1365 117 1419 20.
156 1362 224 1418 XIII
242 1360 298 1413 kal.
334 1358 482 1426 (liudolfus
500 1357 580 1412 miles
599 1358 823 1427 deChyssenach
842 1376 928 1429 prope
942 1360 1033 1414 lacum
1048 1360 1250 1415 Lucerncnscm
1265 1361 1334 1429 ob.²)
1366 1362 1512 1432 [Heuru‘cus
1525 1363 1560 1418 de
1573 1361 1741 1417 Basselstorf

387 1444 554 1500 camerarius
578 1446 789 1515 praepositurae
807 1446 994 1502 'I'huriceusia
1032 1447 1107 1502 Guta
1130 1447 1230 1503 relicta
1252 1449 1394 1517 quondam
1419 1450 1452 1503 11.
1470 1448 1610 1505 Molitoris
1629 1448 1738 1502 militis.

387 1532 543 1586 leudoricus
561 1531 657 1588 Lodix.
690 1532 827 1587 Adelheid
846 1533 881 1586 de
899 1534 1043 1604 Russegge
1062 1534 1221 1589 claustralis
1239 1536 1324 1590 huius
1342 1537 1525 1606 monasterii]

74 1627 116 1679 21.
172 1623 224 1677 XII
242 1621 299 1675 lral.
335 1620 466 1685 (berchta
485 1619 520 1673 dc
538 1619 645 1686 Oltuu.)
676 1619 858 1688 [Wcrnherus
877 1621 966 1686 miles,
986 1621 1097 1675 villicus
1115 1620 1150 1674 de
1169 1621 1311 1692 Sylenen.]

74 1713 117 1766 23.
200 1709 297 1762 Xlral.
334 1706 490 1775 [Elisabeth
517 1723 587 1761 uror
610 1706 761 1760 lohannnis
788 1707 823 1760 dc
848 1707 968 1762 stcch.
1006 1707 1153 1763 Heinricus
1179 1709 1284 1764 Seudcr
1306 1710 1458 1779 antiquior.
1495 1711 1632 1766 Iohannes
1657 1709 1738 1765 miles

389 1795 481 1850 dictus
500 1794 650 1863 Bochsler.]

75 1885 118 1939 21.
189 1882 228 1937 IX
246 1882 301 1935 kal.
339 1881 458 1950 [Ulricus
476 1880 511 1934 de
524 1880 701 1951 Gutcmburg
714 1881 826 1946 nobilis,
845 1882 894 1951 qui
912 1881 992 1936 dedit
1009 1899 1131 1937 marcam
1150 1883 1186 1936 ad
1205 1883 1328 1938 casulum
1348 1900 1409 1938 cum
1430 1883 1506 1938 rosis.
1538 1884 1636 1938 Petrus
1648 1884 1737 1938 Nemo

387 1969 598 2040 praepositurae
617 1973 646 2024 et
664 1970 748 2025 huius
767 1971 929 2026 monasterii
949 1988 1009 2026 can.
1028 1972 1083 2040 ob.]

75 2059 118 2112 25.
159 2057 226 2111 VIII
243 2057 299 2110 kal.
336 2057 435 2126 [Ruod.
453 2055 556 2110 nobilis
575 2056 609 2110 de
628 2057 732 2112 Palma.
763 2059 808 2112 Ita
825 2058 860 2112 de
879 2057 1056 2113 Zwillinlrou.
1087 2058 1231 2113 Conradus
1249 2058 1387 2127 Schsfflil

75 2146 117 2200 26.
174 2143 227 2196 Vll
244 2143 299 2196 lral.
336 2144 467 2210 (Berchta
489 2142 523 2196 de
541 2143 651 2198 'I'hufen
676 2145 871 2200 conventualis
889 2145 972 2200 huius
989 2145 1152 2200 monasterii
1172 2145 1231 2200 01).ι
1265 2145 1386 2214 Hedwig
1403 2144 1438 2199 de
1457 2143 1558 2198 Walde
1577 2160 1648 2197 uxor
1667 2143 1736 2197 Itud.

387 2229 525 2284 Molitoris
543 2231 643 2284 militis
661 2231 731 2300 ob.⁴)
763 2232 914 2302 [Fridricus
932 2232 1053 2302 todire]

112 2363 118 2374 .
187 2318 225 2374 VI
243 2316 299 2371 kal.
335 2318 429 2387 (Hugo
447 2316 539 2371 dictus
557 2318 619 2372 Mac
636 2319 706 2386 ob.⁸)
738 2319 911 2387 [Adelheidis
928 2320 964 2374 dc
982 2319 1224 2390 Schneggeuburg
1241 2318 1296 2389 ob.]

75 2410 118 2463 28.
201 2406 226 2458 V
244 2405 300 2458 kal.
336 2403 502 2474 [Katheriua
520 2420 589 2458 uxor
607 2404 720 2460 sculteti
738 2404 808 2459 dicti
827 2405 919 2460 Bibcr.
948 2405 1094 2461 Gertrudis
1112 2421 1182 2459 uror·
1200 2405 1294 2459 lacobi
1313 2403 1529 2471 Molendinarii.l

76 2497 119 2550 30.
183 2493 223 2546 Ill
242 2491 298 2545 lral.
334 2491 506 2560 [Margretha
530 2507 599 2544 uxor
621 2491 711 2545 Ruod.
735 2491 835 2545 militis
860 2492 895 2544 de
921 2491 1064 2560 Lungholt
1088 2491 1213 2545 iunioris.
1252 2491 1389 2545 liudolfus
1411 2489 1633 2545 Moleudiuurius
1659 2491 1737 2544 miles

364 2577 501 2646 ,iuui0r.]

76 2671 118 2724 31.
200 2667 226 2722 11
245 2665 300 2718 kal.
337 2664 485 2734 [Iohannes
503 2663 583 2717 miles
602 2663 861 2718 deSchbnenwerd.
892 2663 943 2717 Ob.
957 2663 1099 2717 Elisabeth
1118 2663 1351 2732 deWissenburg
1368 2663 1438 2717 abba
1456 2663 1539 2718 huius
1553 2662 1736 2732 monasterii]

746 2841 1067 2916 FEBRUARIUS.

245 2944 301 2998 aar.
337 2941 480 3011 [acernea
497 2941 532 2994 ae
551 2941 667 3008 Platea]

93 2952 117 3090 1.
184 3033 224 3087 111
243 3048 306 3085 ιιοιι.
335 3028 479 3098 [Memoria
495 3025 653 3082 lierchtoldi
670 3026 705 3079 de
718 3024 927 3094 Stamphibach.
948 3027 1029 3079 Anna
1041 3024 1076 3080 de
1086 3025 1290 3080 Trachselwalt
1302 3026 1460 3081 claustralis
1472 3025 1555 3081 huius
1566 3027 1737 3081 monasterii.

90 3209 108 3260 4

90 3313 108 3348 o

388 3114 540 3170 Benedicta
556 3114 592 3168 de
610 3113 730 3183 Clingeu
749 3112 908 3167 claustralis
927 3113 1010 3168 huius
1030 3113 1192 3168 monasterii
1210 3113 1265 3182 ob.]

109 3249 115 3260 .
198 3204 223 3257 Il
241 3221 306 3258 uon.
335 3200 528 3270 [Berchtoldus
546 3201 581 3255 de
598 3199 799 3255 Rsrchslinkon.
833 3199 990 3254 Kathan’na
1007 3200 1043 3254 de
1061 3199 1262 3270 Kreulriugeu.]

241 3308 306 3345 uon.
335 3287 493 3357 [Heinricus
511 3286 603 3341 dictus
622 3285 799 3352 Schlrlsselli,
823 3303 883 3341 can.
902 3286 985 3340 huius
1003 3285 1180 3350 monasterii,
1203 3303 1278 3340 anno
1298 3286 1373 3340 1288.
1404 3287 1567 3343 Cuonradus
1586 3288 1621 3343 de
1641 3288 1737 3343 Kram-

386 3375 458 3444 burg
475 3374 555 3428 miles
572 3374 679 3430 ordinis
697 3373 943 3429 Theutonicorum.
974 3374 1137 3429 Ouonradus
1156 3374 1288 3428 Prechter
1306 3391 1366 3429 cau.
1385 3375 1469 3431 huius
1487 3375 1672 3445 monasterii]

90 3469 116 3521 6.
158 3465 224 3519 VIII
244 3463 281 3518 id.
335 3461 448 3532 [Ottilia
471 3461 506 3516 de
527 3461 664 3533 Utziugen
689 3463 847 3516 claustralis
872 3463 955 3518 huius
979 3463 1150 3519 monasterii.
1189 3463 1324 3518 Rodollus
1349 3464 1569 3519 Molendinarius
1594 3464 1738 3533 antiquior

386 3549 487 3620 miles]

92 3643 116 3693 a
187 3639 225 3692 Vl
245 3637 281 3691 id.
336 3636 517 3705 [Wernherus
531 3637 666 3694 Boklinus
684 3641 776 3696 senior
795 3641 851 3696 ob.l
882 3641 1019 3697 [ludolfus
1038 3642 1073 3695 de
1086 3643 1300 3712 Beggenhoven‚
1320 3641 1369 3710 qui
1387 3640 1467 3696 dedit
1484 3639 1550 3694 huic
1567 3641 1737 3695 monasterio

385 3740 472 3776 uuum
490 3723 525 3778 de
543 3725 683 3794 capitibus
702 3727 789 3781 11000
806 3727 983 3797 virginum.⁸]

92 3815 117 3868 9.
201 3812 224 3864 V
243 3811 281 3865 id.
336 3809 457 3878 [Ulricus
475 3810 510 3864 de
529 3812 658 3868 Nunhem
676 3812 734 3882 ob.]

76 3902 117 3955 10.
189 3899 227 3953 IV
246 3899 282 3952 id.
336 3897 542 3967 [Burckhardus
560 3899 681 3954 Marcius
699 3917 759 3954 cau.
778 3901 861 3955 huius
880 3901 1043 3955 monasterii
1062 3900 1122 3954 ob.⁹
1152 3901 1267 3956 lacobus
1286 3901 1387 3955 Dictlo.
1418 3900 1575 3956 Mathe-rina
1592 3901 1628 3955 de
1644 3900 1736 3956 Stein-

387 4003 448 4038 mur
466 3985 624 4040 claustralis
643 3986 673 4040 in
691 3987 783 4057 Vara]

75 4077 118 4129 11.
185 4075 225 4128 Ill
242 4074 280 4128 id.
334 4072 481 4142 [liudolfus
498 4072 534 4126 de
554 4073 735 4143 Kepfuenach
755 4075 811 4141 (cic)
832 4075 875 4128 ob.
909 4075 1028 4130 Berchta
1046 4075 1200 4131 Mlluchina
1218 4076 1274 4145 ob.]

76 4163 116 4216 12.
198 4162 224 4215 11
243 4162 281 4216 id.
335 4158 456 4226 [Ulricus
473 4149 566 4215 dictus
585 4162 625 4216 lm
645 4163 728 4217 Kelre
747 4163 819 4218 ob.¹⁰
849 4166 931 4218 Anna
949 4182 1019 4220 uxor
1037 4164 1136 4219 Ortolfi
1155 4164 1257 4218 nobilis
1275 4165 1310 4219 de
1328 4164 1487 4234 Utringen.]

75 4249 117 4302 14.
161 4248 225 4304 XVI
243 4249 298 4303 kal.
335 4246 521 4314 [Eberhardus
539 4249 781 4320 Molendiuarius.]

76 4338 117 4390 15.
175 4335 226 4390 XV
244 4336 299 4390 lral.
337 4333 509 4402 [adelheidis
526 4336 650 4390 Martius
673 4336 743 4391 ob.¹¹
780 4336 944 4391 Elisabetha
967 4338 1066 4392 relicta
1089 4338 1231 4406 quondam
1250 4337 1398 4392 Wcrnheri
1422 4339 1496 4392 Ante
1518 4337 1668 4392 Macellum
1692 4336 1737 4391 ob.

385 4421 552 4477 Elisabetha
570 4423 605 4478 de
625 4425 764 4493 Utzingen
783 4424 941 4479 claustralis
959 4425 1044 4479 huius
1061 4423 1246 4494 monasterii]

76 4511 117 4564 16.
161 4509 226 4564 XIV
243 4508 300 4562 kal.
337 4507 453 4577 [Cecilic
471 4527 541 4564 uxor
558 4511 662 4566 nobilis
681 4511 769 4566 Ulrici
787 4511 822 4566 de
842 4513 971 4583 Itllsegge
989 4512 1034 4568 ob.
1052 4529 1127 4567 anno
1146 4512 1234 4581 12051

76 4598 118 4651 11.
160 4596 225 4650 Xlll
244 4597 299 4650 kal.
335 4596 470 4664 [ludente
495 4615 564 4653 uxor
582 4600 670 4654 Ulrici
695 4600 764 4655 dicti
788 4600 823 4654 de
848 4600 992 4655 Schenuis.
1031 4601 1168 4671 Magister
1185 4598 1321 4654 Henricus
1339 4598 1374 4653 de
1393 4598 1516 4662 Basilea‚
1542 4615 1603 4652 can.
1622 4597 1737 4652 ecclesie

387 4685 598 4754 praepositurae
616 4687 802 4752 Thuriceusis,
821 4705 895 4742 anuo
915 4688 1003 4756 1282]

77 4774 118 4827 18.
175 4772 228 4826 XII
246 4771 302 4826 kal.
339 4770 487 4839 [Iohannes
505 4771 540 4826 de
559 4773 677 4827 Basilea.
709 4774 842 4828 Nicolaus
861 4774 953 4828 dictus
971 4775 1006 4827 de
1025 4772 1210 4844 Wisscnburg
1227 4771 1352 4842 lapicida
1370 4771 1425 4840 ob.]

77 4861 118 4914 19.
189 4859 227 4914 XI
245 4859 301 4912 kal.
338 4857 517 4926 [Bukhardus
534 4858 569 4912 de
587 4860 705 4914 Talwilc
724 4861 825 4932 cerdo]

75 4947 118 5000 20.
199 4945 298 5000 Xlral.
335 4945 492 5014 [Heinricus
515 4946 550 5000 de
569 4947 684 5018 Tengen
709 4966 769 5003 can.
790 4951 819 5002 et
837 4948 978 5018 quondam
998 4948 1071 5018 pleb.
1090 4966 1110 5002 s.
1130 4946 1215 5001 Petri.
1252 4944 1372 5015 Hedwig
1389 4944 1424 4999 de
1441 4944 1654 5016 Mundolliugen
1672 4963 1737 5000 con·

386 5034 527 5089 vectualia
545 5033 576 5088 in
595 5035 682 5105 Fare]

75 5119 119 5174 21.
189 5119 228 5174 XI
246 5119 302 5174 lrul.
339 5119 467 5190 [Hemina
485 5121 520 5175 de
538 5121 688 5193 Weugu0.]

182 5313 203 5378 ι)
222 5311 269 5365 Pr.
294 5309 326 5364 dc
348 5309 425 5364 domo
446 5312 532 5379 patric
553 5312 611 5366 cias
633 5313 686 5366 aito
707 5313 783 5382 aprcd
803 5314 998 5367 Monostcrium
1016 5313 1206 5367 Dominarum.
1311 5313 1335 5376 a)
1355 5310 1404 5364 Pr.
1426 5307 1458 5363 dc
1475 5309 1552 5363 ιιίιιω
1569 5310 1663 5364 acoris
1680 5311 1737 5364 cius

75 5399 128 5454 rito
145 5399 177 5452 ia
189 5397 342 5467 Hodiapcn.
439 5403 460 5462 ι)
480 5398 526 5452 Pr.
538 5398 658 5454 dedomo
670 5405 694 5453 ct
705 5415 769 5454 arca
780 5399 916 5468 quondam
928 5399 966 5454 H.
978 5398 1009 5453 dc
1022 5399 1165 5468 Iasbrrspyc
1177 5398 1235 5452 sitis
1246 5397 1277 5450 in
1289 5395 1416 5462 Inferior-i
1432 5395 1508 5450 Villa.
1602 5399 1625 5463 ι)
1645 5397 1694 5452 Pr.
1707 5397 1738 5451 dc

76 5486 156 5539 cinea
172 5485 230 5539 cias
246 5485 300 5538 rita
316 5484 348 5538 ia
361 5483 520 5538 Wsedinlcon
532 5501 570 5538 cn
584 5485 739 5540 derduol.
759 5517 792 5526 -
811 5486 886 5540 Haec
897 5491 963 5540 nota
976 5493 1016 5539 27.
1027 5485 1154 5539 namne
1165 5484 1300 5553 repetitur.
1406 5485 1428 5549 n)
1449 5482 1496 5536 Pr.
1509 5481 1541 5536 dc
1554 5482 1737 5540 Wiodincison.

76 5579 99 5640 c)
119 5574 167 5628 Pr.
190 5572 222 5627 de
234 5571 346 5641 praedio
363 5571 479 5626 comobir'
502 5573 569 5627 Varc
585 5574 617 5626 irs
636 5574 765 5628 Slicrron.
871 5576 894 5642 ι)
915 5573 961 5627 Pr.
980 5573 1012 5627 dc
1026 5572 1129 5626 decium
1148 5572 1321 5640 Lonpcnorcc.
1427 5571 1449 5638 s)
1469 5569 1601 5622 Monoi-ic
1621 5569 1737 5624 ciusdem

76 5660 135 5728 ipso
156 5661 254 5714 cicera
274 5659 317 5714 dic
339 5665 378 5716 13.
399 5659 516 5714 Octobris
536 5659 689 5715 celebrum
706 5665 771 5717 erat.
876 5663 899 5728 a)
918 5661 965 5716 Pr.
983 5660 1015 5715 dc
1031 5659 1132 5716 decimu
1149 5660 1181 5714 ic
1199 5655 1386 5726 Walterspado.
1495 5659 1528 5724 ιο)
1548 5656 1594 5712 Pr.
1613 5657 1646 5712 dc
1663 5659 1738 5716 domo

77 5753 102 5802 cl
118 5748 236 5818 ponant
253 5748 313 5804 eius
330 5748 362 5804 ia
383 5746 530 5806 Tellirrlror.
637 5751 671 5818 ιι)
690 5747 738 5806 Pr.
757 5746 791 5808 dr
809 5746 952 5816 erls'etorf.

1478 5837 1531 5900 08·
