4306 6434
177 423 345 480 RO'PULUS
365 424 729 480 ANNIVERSARIORUM
748 423 946 482 uccnasmn
966 424 1222 483 contueremur·
1242 426 1474 483 EPISCOPALIS
1493 427 1640 484 canaan.
1677 433 1739 497 383

794 659 1024 733 MARTIUS.

180 790 313 844 Dominus
332 791 494 845 Waltherus
518 791 552 844 de
570 791 698 860 Clingen.
734 793 872 846 lohannes
894 793 929 847 de
950 792 1031 846 Huob
1055 796 1084 846 et
1102 792 1268 848 Uodalricus
1292 793 1327 846 de
1346 792 1493 862 Roggwyl.
1529 792 1687 847 [rudovicus
1704 794 1739 847 de

76 877 236 948 Helmstorf,
257 878 365 932 Verena
382 883 451 932 nata
469 878 504 933 de
524 878 722 950 Clingenberg,
741 898 818 946 uxor,
837 878 1011 950 Sigismundi
1029 879 1064 934 de
1082 879 1393 950 Hoeheulaundenberg
1412 883 1561 950 parentum
1581 881 1660 948 (sia).¹

806 1077 1010 1152 APRlLlS.

182 1208 312 1263 Salomon
331 1227 387 1278 eps.
407 1209 644 1274 Constantiensis,
670 1209 805 1264 fundator
822 1209 906 1263 huius
924 1207 1059 1278 collegii.²
1093 1207 1236 1262 Conradus
1257 1207 1292 1261 de
1310 1207 1500 1278 Clingeuberg
1517 1224 1575 1276 eps.
1593 1208 1739 1262 Frisieusis

77 1294 149 1359 (sie)³
168 1297 197 1347 et
209 1295 351 1349 Corradus
369 1295 404 1350 de
417 1297 527 1364 Anwyl.
558 1296 728 1350 Wernherus
747 1295 799 1364 [del
813 1295 930 1350 Glatteu
949 1313 1008 1350 ean.
1028 1295 1111 1348 huius
1126 1293 1259 1348 eeclesiae
1273 1294 1585 1349 etFriderieuseustos.
1616 1295 1738 1350 Wetzilo

77 1381 112 1434 de
134 1381 307 1451 Heidelberg
329 1385 359 1436 et
381 1383 525 1452 llgolphus
550 1383 584 1436 de
608 1383 763 1452 Reehberg.
799 1382 935 1436 Dominus
958 1381 1101 1436 Burkhart
1125 1381 1159 1435 de
1177 1381 1315 1438 ltisehaah
1340 1384 1369 1434 et
1386 1380 1526 1435 Erhardus
1552 1381 1587 1435 de
1606 1382 1737 1450 Bfirglen.

77 1468 208 1522 Otmarus
228 1469 283 1538 [de]
303 1470 416 1524 Gossow
435 1487 496 1524 ean.
515 1469 598 1524 huius
617 1469 760 1532 ecelesiae,
780 1470 918 1524 lohannes
937 1469 1025 1524 frater
1043 1487 1122 1533 suus,
1143 1486 1211 1533 ean..
1231 1469 1358 1537 Hugonis
1376 1468 1411 1522 de
1429 1469 1542 1524 Gossow
1561 1471 1591 1523 et
1608 1468 1740 1522 Adelheit

80 1555 184 1619 uxoris,
203 1559 365 1624 parentum
384 1556 430 1611 hio
449 1555 580 1611 Otmarns
597 1556 664 1611 huic
682 1556 815 1612 ecelesiae
832 1556 924 1612 multa
941 1556 1016 1611 bona
1034 1555 1122 1609 feeit.⁴

826 1752 987 1828 MAIUS.

181 1884 264 1954 Hugo
277 1885 405 1955 Bilgeri.⁸
435 1885 582 1940 Heinrieus
594 1888 688 1941 Bruuo
706 1904 766 1940 ean.
786 1905 806 1940 s.
820 1884 942 1956 Felieils]
962 1887 991 1939 et
1003 1886 1129 1954 Regulao
1149 1884 1360 1955 praepositurae
1374 1883 1561 1940 'Phariaensis
1580 1884 1648 1938 item
1661 1885 1737 1938 Ruo·

77 1969 169 2023 dolius
183 1971 276 2026 Bruno
294 1972 416 2042 armiger
434 1973 463 2024 et
474 1989 626 2040 generosae
645 1975 674 2026 et
686 1971 790 2026 nobilis
804 1971 969 2026 anastasiae
981 1971 1016 2024 de
1029 1970 1155 2039 Clingen.
1186 1970 1352 2024 Uodalrieus
1364 1969 1398 2023 de
1412 1970 1567 2025 Helmstorf
1576 1973 1605 2024 et
1617 1969 1738 2024 Conradi

77 2055 222 2124 Herwer⁸l
241 2059 301 2111 caui
320 2058 403 2112 huius
422 2059 566 2125 ecclesiae,
591 2059 705 2113 domina
724 2059 904 2130 Margaretha
922 2061 991 2114 nata
1008 2058 1043 2113 de
1061 2057 1141 2122 Eum,
1167 2057 1270 2128 l'upuli
1289 2057 1323 2112 de
1342 2057 1499 2112 Helmstorf
1515 2057 1633 2126 [uxor]‚⁸
1651 2056 1737 2110 etiam

76 2141 207 2213 magistri
225 2144 383 2199 Wilhelmi.

820 2270 992 2346 IUNIUS.

182 2401 345 2456 Conuradus
364 2401 399 2457 de
411 2403 617 2474 handennberg
635 2407 727 2460 custos
745 2404 828 2459 huius
847 2403 989 2460 eeclesiae.
1020 2404 1144 2459 Benntzo
1162 2405 1197 2458 de
1209 2404 1350 2460 wadorl.
1382 2404 1543 2458 Waltherus
1562 2403 1596 2457 de
1609 2399 1736 2468 Aunwyl.

76 2486 235 2541 Fridericus
253 2487 287 2542 de
306 2490 436 2559 Annwyl.

820 2621 990 2695 IULIUS.

183 2745 328 2801 Elisabeth
351 2748 386 2802 de
404 2749 527 2805 Adlihea
549 2753 617 2805 nata
634 2751 669 2805 de
688 2751 844 2822 Sultzberg.
884 2752 1043 2806 Waltherus
1061 2753 1095 2805 de
1114 2753 1234 2820 Annwyl
1253 2754 1283 2805 et
1301 2751 1447 2806 Gertrudis
1466 2750 1588 2805 eiusdem
1607 2749 1737 2804 nominis.

76 2831 211 2886 Albertus
235 2834 270 2887 de
292 2835 383 2889 Castel
409 2854 486 2906 ppos.
510 2837 594 2892 huius
616 2838 758 2894 ecclesiae.
797 2839 953 2894 [rudovicus
976 2842 1005 2893 et
1029 2839 1195 2908 liudolphus
1218 2839 1253 2893 de
1272 2839 1407 2906 Adlilreu,
1431 2839 1627 2894 canonicorum
1653 2835 1736 2890 huius

76 2918 233 2973 ecelesiae.T
263 2920 417 2978 catharina
435 2923 470 2979 de
488 2925 598 2980 Wesen.
1665 2921 1666 2924 ¹

775 3052 1045 3127 AUGUSTUS.

182 3181 368 3237 Annshelmus
387 3183 421 3238 de
441 3184 613 3238 llilreubaeh.
643 3185 781 3238 Iohannes
799 3184 834 3238 de
848 3185 1012 3256 Rillenberg
1029 3185 1159 3254 armiger.
1192 3185 1344 3239 Catharu'na
1362 3183 1397 3236 de
1410 3181 1565 3251 Saltaberg.
1597 3179 1736 3234 Arnoldus

75 3267 112 3321 de
130 3267 253 3338 Blirgleu
271 3269 359 3324 miles.
390 3270 527 3325 lohannes
545 3270 680 3341 Tetinger
698 3288 758 3324 ean.
777 3270 861 3324 huius
879 3270 1012 3325 eeclesiae
1031 3274 1060 3326 et
1077 3270 1224 3326 Elisabeth
1244 3272 1278 3325 de
1297 3270 1476 3339 Heidelberg.

761 3469 1056 3544 SEPTEMBER.

180 3597 355 3654 Hermannus
377 3617 434 3669 eps.
456 3601 687 3655 Constantiensis.
722 3600 858 3671 Magister
881 3600 1024 3655 Corradus
1044 3599 1159 3654 Primae.
1197 3601 1334 3654 Iohannes
1358 3598 1392 3652 de
1411 3597 1582 3668 Heidelberg
1605 3595 1734 3666 armiger.

73 3682 212 3737 Dominus
231 3685 368 3740 lohannes
393 3688 447 3758 [tle]
467 3689 581 3743 Gossow
604 3693 634 3742 et
652 3687 782 3742 dominus
799 3687 948 3742 Heim'ieus
971 3687 1005 3742 de
1024 3689 1133 3757 Anwyl.
1171 3687 1320 3742 Haiurieus
1344 3687 1379 3740 de
1397 3686 1522 3739 Herisow
1541 3688 1571 3740 et
1589 3683 1736 3738 Heinrieus

73 3773 169 3824 custos
187 3771 271 3824 huius
288 3773 429 3827 ecelesiae.
459 3774 774 3828 BurekardusSehenok
792 3774 881 3828 miles.
912 3774 1055 3829 Corradus
1074 3774 1265 3842 dellllinlrwyl
1284 3791 1343 3827 ean.
1362 3773 1495 3827 eeclesiae
1512 3770 1735 3828 constantiensis

74 3859 105 3910 et
123 3875 203 3927 ppos.
222 3857 306 3912 huius
324 3859 466 3915 eeclesiae.
496 3862 578 3914 Anna
596 3877 651 3914 ron
671 3859 798 3930 Wylerin
817 3860 884 3928 (sic),
903 3877 976 3932 quae
994 3860 1050 3916 luit
1068 3879 1136 3916 uxor
1154 3860 1293 3915 Waltheri
1313 3860 1348 3914 de
1367 3860 1476 3927 hnwyl.

784 4056 1023 4132 OCTOBER.

181 4186 301 4240 Domina
319 4189 363 4242 lta
380 4188 415 4242 de
434 4187 646 4259 Lauadenberg.
676 4189 856 4244 Burkhardus
874 4189 909 4243 de
921 4190 1078 4244 Helmstorl
1092 4187 1224 4257 armiger.
1255 4188 1395 4243 Iohannes
1415 4185 1449 4240 de
1463 4184 1636 4254 Heidelberg
1656 4184 1737 4238 miles

75 4274 239 4329 Burkardus
256 4274 359 4329 sehenlr
378 4274 413 4330 de
432 4275 532 4330 (lastel.
565 4276 665 4331 Ursula
683 4276 825 4331 Seheakiu
843 4278 912 4331 nata
930 4276 964 4331 de
982 4276 1094 4332 Schina.

767 4473 1043 4548 NOVEMBER.

182 4604 256 4658 Uota
268 4603 363 4658 Ruhin
376 4607 444 4658 nala
456 4604 490 4659 de
500 4605 732 4676 Lauadeunberg.
756 4605 905 4660 Heinricus
915 4606 1032 4660 Nithart
1044 4604 1190 4672 utriusque
1203 4603 1271 4658 iuris
1282 4603 1388 4664 doctor.
1401 4602 1474 4672 pleb.
1488 4601 1517 4655 in
1529 4601 1600 4657 Ulm.
1626 4600 1735 4654 Verena

75 4691 111 4744 de
137 4691 305 4744 Boustetten
330 4709 399 4745 uxor
421 4691 543 4746 Udalriei
563 4692 712 4746 Walthers.
752 4692 888 4746 lohannes
911 4691 946 4746 de
972 4692 1090 4760 Anuwyl
1116 4690 1245 4761 armiger.
1280 4689 1429 4744 Heinrieus
1448 4689 1618 4760 Rogkwyler
1642 4692 1735 4742 curtos

75 4778 160 4832 haina
179 4777 319 4832 eeclesiae.
350 4778 515 4848 Rudolphus
532 4778 567 4834 de
584 4779 767 4848 Rauennberg
785 4779 915 4848 armiger.

182 4991 207 5057 ι)
227 4991 290 5043 sae
306 4991 383 5044 aare
402 4992 510 5058 ma.-
526 4991 645 5042 aare.

183 5127 205 5192 r)
225 5125 325 5180 Adsint
341 5125 390 5180 rab
405 5125 504 5180 diriora
521 5127 616 5194 officiis
632 5125 703 5179 duae
721 5124 847 5180 canaam
863 5125 939 5194 aprrd
954 5127 1103 5194 sepalaam
1120 5125 1248 5179 ardentes.
1353 5125 1375 5189 a)
1395 5122 1477 5176 Lara
1489 5122 1735 5176 aaairersoaaram

72 5214 256 5284 praecipitor,
280 5231 346 5267 aaa.
365 5214 448 5268 haias
471 5213 636 5282 aliorumque
655 5211 831 5278 sarmatorum
855 5219 880 5267 et
900 5213 1094 5280 benefwtomm
1115 5218 1177 5280 past
1199 5217 1319 5266 aetumm
1339 5210 1457 5263 Paschae
1473 5208 1657 5262 celebrandam
1673 5225 1734 5262 esse.

78 5305 101 5368 ³)
120 5303 196 5355 Ana.
220 5300 330 5368 simplae
352 5300 467 5354 diadem
488 5301 583 5354 iterum
601 5300 787 5354 celebrandum
801 5300 857 5366 sart
874 5317 959 5354 nense
978 5299 1089 5354 Octolm'.
1198 5301 1222 5365 4)
1240 5298 1295 5352 Sub
1313 5297 1364 5350 lrac
1381 5301 1448 5350 nata
1464 5295 1596 5349 delineata
1612 5301 1676 5350 strat
1693 5297 1735 5349 ia·

76 5387 180 5456 ripato,
206 5386 237 5439 ia
257 5387 352 5454 psalm
374 5387 465 5455 fiprrra
488 5385 619 5454 quaedam
640 5385 788 5455 eulpae-tter
804 5384 1013 5452 ,‚Haasmarlce“
1035 5384 1136 5452 deplora
1153 5389 1196 5438 est.
1302 5385 1324 5451 a)
1345 5383 1495 5437 Uelabratm
1511 5398 1609 5450 seraper
1624 5383 1695 5449 serra
1712 5390 1735 5436 2.

75 5479 140 5526 aare
157 5475 196 5527 al
209 5479 272 5542 pasl
287 5475 384 5540 satam
400 5491 420 5528 s.
440 5473 532 5528 Iaeabs'
550 5473 663 5541 apostoli
680 5477 704 5526 a
721 5490 740 5526 a
758 5472 882 5540 umpmro
899 5471 1037 5540 lraspt'lalr‘s
1053 5470 1146 5524 deado
1163 5476 1199 5524 est
1216 5471 1304 5538 torpa:
1327 5479 1363 5536 „4
1380 5486 1470 5538 maes,
1489 5477 1506 5523 2
1523 5485 1662 5524 aenaeae
1679 5470 1736 5523 mai

76 5561 202 5628 nabas,
224 5559 356 5628 sturmi,
372 5559 559 5629 gerstenflebeh
577 5559 637 5612 aad
653 5559 854 5628 heffenfleiseb‘t
873 5590 904 5598 -
925 5560 960 5612 Ia
978 5558 1044 5612 labra
1062 5558 1309 5612 anniversariorum
1325 5555 1389 5609 haic
1406 5555 1510 5608 nomini
1528 5559 1578 5620 (27.
1595 5556 1672 5624 Iulii)
1689 5556 1736 5609 ad·

75 5648 208 5716 murem
227 5652 277 5700 est:
294 5653 385 5715 „ura
402 5647 533 5701 mataras
550 5662 596 5700 aar
606 5651 639 5700 st.
651 5646 750 5714 Jdrpea
760 5647 831 5714 ta9“,
849 5663 902 5713 aaa
914 5644 955 5698 die
965 5644 1052 5698 dietas
1064 5643 1147 5714 Hapo
1164 5643 1222 5697 siae
1233 5643 1316 5696 darbia
1326 5642 1358 5696 de
1370 5641 1423 5694 olla
1436 5640 1550 5696 ewam.
1645 5644 1668 5710 s)
1687 5642 1737 5696 aa

76 5737 107 5793 in
125 5751 205 5789 anno
222 5751 289 5787 aaa.
307 5733 364 5788 er'aa
380 5733 565 5790 meandum
583 5739 627 5788 est.
733 5735 756 5802 r)
775 5733 848 5789 Ana
869 5730 1054 5789 celebrandam
1071 5736 1107 5788 est
1124 5730 1194 5785 cirea
1209 5730 1309 5799 sestam
1326 5746 1347 5784 s.
1368 5727 1499 5783 Marthae.
