4304 6434
387 380 451 443 396
938 370 1203 428 NEOROLOGIUM
1222 369 1493 426 VELDBAOENSE.

387 549 429 603 16.
456 547 536 602 XVII
553 547 609 602 kal.
646 545 698 602 Ob.
711 545 908 600 Burehhsrdns
925 545 961 600 de
973 545 1145 600 Bolsehnsen
1163 547 1245 614 pater
1255 542 1394 604 monialis.
1423 541 1475 598 Ob.
1488 543 1582 612 Agnes
1597 541 1633 596 de
1644 541 1805 597 hisbenfels
1823 558 1902 597 soror
1913 543 2038 599 monialis

698 631 748 686 Ob.
768 631 911 701 Margreta
929 630 1131 685 Roehwillerin
1149 630 1280 684 monialis
1299 631 1328 683 et
1344 629 1433 683 frater
1450 628 1510 682 eins
1529 628 1685 683 Hainrieus.

387 722 429 778 17.
470 720 536 775 XVI
555 719 612 774 hal.
647 718 698 773 Ob.
717 720 811 788 Agnes
829 718 864 771 de
878 717 1006 786 Wsngen
1026 716 1164 772 monialis.
1196 716 1247 772 Ob.
1266 715 1371 770 Cosilia
1389 715 1424 769 ds
1437 714 1603 769 Blumberoh
1622 731 1700 770 soror
1716 715 1858 770 monialis
1888 714 1939 770 Ob.
1957 717 2039 786 Agnes

698 804 733 859 de
751 805 812 860 Ptin
829 804 970 859 monialis.
1001 804 1051 859 Ob.
1070 804 1137 872 Hug
1153 819 1209 858 von
1228 802 1396 857 llasenstain
1417 805 1499 872 pater
1515 801 1655 856 monialis.

389 893 428 948 18.
486 892 537 946 XV
555 891 612 946 kal.
648 890 699 946 Oh.
717 891 860 960 Margreta
878 889 912 944 de
932 889 1053 944 Bilstain
1072 889 1211 944 monialis.
1243 889 1295 944 Ob.
1314 889 1436 958 Sygluca
1453 889 1593 944 monialis.
1624 889 1675 944 Ob.
1695 888 1826 943 Adilhsit
1843 889 1879 943 de
1894 889 2040 942 'l'etilosen

699 995 770 1032 uxor
787 978 849 1031 Ber.
868 976 903 1031 de
921 977 1008 1032 Hove.
1039 975 1091 1031 Ob.
1110 975 1266 1030 Katherina
1287 975 1399 1030 Bbrstin
1417 992 1495 1030 soror
1512 975 1651 1030 monialis.
1680 974 1735 1030 Ob.
1755 974 1903 1029 Bestrix
1919 975 2041 1044 Vogtyn

700 1063 883 1133 priorissa,
901 1062 1083 1117 monialis.

387 1153 431 1208 20.
470 1151 537 1205 XIII
555 1151 612 1206 111.
648 1150 699 1206 01.
718 1151 868 1206 Hainrious
886 1149 921 1204 de
938 1149 1116 1219 Mechingen.
1146 1147 1197 1203 Ob.
1216 1148 1373 1204 Xatherina
1389 1148 1436 1203 dia
1454 1147 1611 1202 Sehsnckin
1629 1164 1706 1202 soror
1723 1146 1866 1202 monialis.

387 1242 430 1294 21.
485 1239 537 1292 ΧΠ
556 1237 612 1292 hal.
650 1235 700 1291 Oh.
720 1237 845 1290 Barbara
862 1235 898 1290 de
917 1235 1038 1304 Pnigern
1056 1235 1197 1290 monialis.

388 1327 430 1382 22.
499 1324 613 1378 111111.
649 1323 786 1378 Iohannes
804 1323 871 1376 Heu
896 1322 931 1376 (18
949 1322 1118 1377 constancia
1143 1325 1173 1376 et
1196 1338 1266 1376 uxor
1291 1320 1364 1386 eins,
1389 1320 1611 1389 11114111,
1637 1337 1692 1390 que
1710 1320 1833 1390 1111111
1851 1320 1920 1374 data
1937 1324 1978 1374 est
1998 1337 2042 1390 pm

703 1409 844 1464 frumento
862 1411 892 1464 st
909 1408 1063 1462 intervenit
1080 1425 1214 1478 magnum
1233 1406 1395 1477 dampnum.

389 1499 432 1553 25.
471 1497 538 1552 VIII
557 1496 613 1552 kal
649 1496 700 1550 Ob.
719 1494 879 1550 Adilhaidis
904 1494 939 1549 de
956 1494 1156 1550 Hemenhoven
1174 1511 1227 1550 sor.
1244 1495 1277 1548 1·.
1309 1493 1359 1549 Ob.
1378 1493 1508 1548 Uolriens
1531 1493 1567 1547 ds
1585 1492 1789 1562 Olingenberoh
1808 1511 1870 1547 can.
1901 1493 1952 1548 Ob.
1970 1493 2043 1547 0111

700 1599 755 1636 von
773 1580 910 1651 Honburg
927 1580 1067 1635 monialis.
1097 1580 1149 1634 Ob.
1168 1580 1326 1634 Burchhsrt
1343 1578 1471 1634 Schenek
1488 1579 1576 1633 frater
1592 1579 1732 1633 monialis.

389 1673 432 1726 26.
488 1669 541 1726 VII
558 1669 615 1725 hal.
651 1667 700 1723 Ob.
718 1685 771 1724 sor.
789 1666 935 1722 Elisabeth
952 1666 988 1722 de
1005 1666 1213 1721 Diessenhoven
1231 1666 1370 1721 monialis.

391 1760 433 1812 28.
515 1757 541 1810 V
559 1755 616 1810 kal.
652 1753 703 1809 Ob.
722 1753 870 1808 Elisabeth
888 1752 996 1824 regins,
1015 1753 1115 1808 relicta
1132 1751 1275 1821 qnondam
1294 1751 1438 1807 Alberchti
1457 1752 1539 1822 regis

389 1845 433 1900 30.
500 1843 542 1898 III
560 1843 615 1897 kal.
652 1840 703 1896 Ob.
721 1839 899 1895 Eberhardns
917 1839 952 1894 de
970 1837 1088 1894 Stoffeln
1106 1838 1215 1892 militis

1082 1982 1360 2058 NOVEMBER.

428 2143 435 2155 .
556 2099 614 2154 111.
650 2098 700 2154 Ob.
719 2099 895 2154 Diethelmus
914 2097 949 2153 de
968 2097 1162 2152 hindenbereh
1180 2116 1222 2152 ov.
1252 2097 1302 2153 Ob.
1321 2097 1423 2153 Ursnla
1440 2097 1475 2152 de
1493 2097 1615 2152 Sohinen
1633 2095 1773 2151 monialis.

426 2229 432 2242 .
501 2186 540 2241 IV
557 2204 622 2242 non.
649 2184 701 2240 Ob.
721 2187 802 2239 Anna
821 2184 855 2238 de
874 2184 996 2239 Schinen
1014 2187 1105 2239 mater
1122 2183 1262 2240 monialis
1295 2184 1345 2240 Ob.
1364 2187 1447 2238 Anna
1464 2183 1499 2238 ds
1517 2183 1731 2238 Haimenhoven
1752 2185 1845 2236 mater
1863 2183 1998 2237 monialis.

428 2317 436 2330 .
501 2273 542 2327 III
559 2290 625 2327 non.
653 2271 703 2327 Ob.
723 2274 806 2326 Anna
825 2270 860 2325 de
878 2270 1030 2325 Hohensels
1049 2271 1188 2326 monialis.

428 2402 435 2416 .
516 2359 543 2414 11
561 2378 625 2414 non.
653 2359 703 2414 Ob.
722 2357 869 2414 Elisabeth
886 2357 921 2412 de
939 2357 1191 2430 Schwartsenbsng
1208 2375 1285 2414 soror
1303 2357 1442 2414 monialis.

427 2459 440 2504 .·
558 2463 624 2501 non.
652 2444 703 2499 Ob.
722 2444 850 2498 Adithait
873 2443 908 2498 de
926 2443 1139 2499 Schellenbereh
1158 2445 1298 2500 monialis.
1332 2444 1382 2498 Ob.
1401 2443 1556 2498 Rnodolfns
1578 2444 1613 2500 de
1632 2444 1709 2506 Hove
1727 2445 1815 2500 haber
1832 2443 1973 2499 monialis.
2001 2443 2047 2498 Ob.

703 2531 876 2586 Katherinen
903 2530 937 2584 de
962 2530 1116 2602 Bsislingen
1143 2531 1282 2586 monialis.
1323 2530 1374 2586 Ob.
1399 2531 1583 2586 Berehtoldus
1609 2531 1752 2600 quondam
1781 2531 1907 2585 decimus
1934 2531 1995 2585 abb.
2021 2530 2048 2583 in

705 2618 807 2682 Salem,
826 2635 903 2674 sacre
921 2619 1053 2688 theoloye
1071 2618 1218 2688 professor.
1249 2617 1300 2673 Ob.
1319 2618 1464 2672 Elisabeth
1482 2618 1518 2672 de
1535 2617 1663 2688 Olingen.

410 2709 435 2762 6.
478 2706 546 2760 VIII
564 2705 602 2760 id.
656 2705 705 2760 Ob.
724 2706 905 2761 Mechthildis
923 2706 958 2762 de
976 2706 1156 2762 Steehboren

410 2795 434 2848 7.
492 2793 545 2846 VII
563 2792 601 2846 id.
655 2792 707 2846 Ob.
726 2792 808 2846 Anna
826 2791 861 2847 de
879 2793 961 2847 Stain
978 2791 1117 2847 monialis.
1149 2790 1200 2845 Ob.
1218 2791 1360 2861 Margrete
1378 2791 1425 2846 dis
1442 2791 1604 2846 Schenelsen
1623 2790 1754 2846 monialis
1773 2790 1808 2846 de
1828 2791 1975 2846 Xalckern.

409 2881 434 2936 8.
505 2879 545 2933 VI
563 2878 600 2932 id.
654 2878 705 2934 Ob.
725 2879 827 2934 Ursula
853 2879 1046 2950 Roggwilerin
1073 2882 1163 2932 mater
1186 2878 1339 2932 monialis.¹
1381 2879 1431 2933 Ob.
1455 2880 1549 2948 Agnes
1576 2879 1610 2932 de
1634 2878 1802 2948 Meekingen
1830 2879 1969 2933 monialis.
2004 2878 2051 2932 Ob.

706 2965 848 3020 Thorotea
866 2983 921 3021 von
940 2966 1061 3034 Paigern
1079 2964 1218 3020 monialis.

411 3055 436 3108 9.
519 3052 545 3106 V
563 3051 599 3106 id.
654 3051 703 3107 Ob.
716 3052 877 3122 Margareta
888 3069 942 3106 von
955 3052 1077 3120 PaIgern
1089 3055 1180 3105 mater
1192 3052 1330 3107 monialis.
1355 3052 1405 3108 Ob.
1418 3050 1583 3107 Adelhsidis
1596 3067 1649 3106 von
1663 3051 1801 3106 llisohaeh
1815 3057 1907 3106 mater
1919 3052 2051 3106 monialis

708 3137 759 3193 Oh.
778 3139 904 3208 Margret
921 3155 975 3193 von
991 3138 1048 3192 Wil
1065 3155 1117 3194 sor.
1131 3139 1163 3194 1⁸.

396 3227 436 3280 10.
507 3223 546 3279 IV
564 3223 602 3278 id.
654 3221 707 3277 Ob.
725 3223 868 3278 Conradus
886 3223 922 3278 de
940 3224 1087 3280 Biohelnse
1105 3243 1160 3281 sao.

396 3313 437 3367 11.
506 3311 547 3365 ΠΙ
565 3310 604 3365 id.
657 3310 709 3366 Ob.
729 3310 876 3365 Adilhadis
895 3311 1008 3364 Bstrstin
1028 3328 1105 3366 soror
1122 3308 1261 3365 monialis.

395 3401 437 3453 12.
519 3398 547 3453 11
564 3397 603 3452 id.
657 3397 709 3452 Ob.
728 3399 810 3452 Anna
828 3396 863 3452 de
881 3397 1020 3468 Stainegg
1037 3397 1176 3451 monialis.
1207 3397 1257 3452 Ob.
1278 3397 1360 3452 Clara
1378 3399 1492 3452 Biliatin
1509 3399 1648 3454 monialis.

396 3486 437 3539 14.
451 3484 545 3540 XVIII
563 3485 620 3539 kal.
657 3483 708 3539 Ob.
727 3483 847 3538 Xatrina
865 3483 900 3538 de
918 3484 1054 3554 Marpaeh
1071 3487 1161 3538 mater
1179 3484 1317 3539 monialis.

396 3573 439 3626 15.
466 3571 545 3625 XVII
563 3570 619 3624 hal.
656 3570 707 3625 Oh.
726 3570 860 3624 Riohema
878 3571 936 3640 (sie)
956 3571 1070 3624 Bstrstin
1092 3587 1169 3625 soror
1187 3570 1326 3626 monialis.
1356 3570 1408 3625 Ob.
1427 3569 1579 3624 Eberhardi
1598 3569 1800 3625 deWilisdorl'.
1831 3571 1882 3626 Ob.
1901 3571 2006 3627 Cecilia
2022 3571 2055 3624 de

707 3655 826 3711 Stotieln
852 3656 991 3710 monialis.
1028 3657 1079 3714 Ob.
1105 3659 1239 3712 Adelhsit
1268 3659 1304 3712 de
1331 3659 1522 3730 Sunnenberg.
1559 3659 1612 3714 Ob.
1632 3658 1794 3729 Walpurg
1823 3659 1864 3713 de
1891 3659 2055 3714 Rischsch

708 3743 874 3798 monialis
894 3741 1008 3814 [14183.

396 3834 438 3887 16.
483 3831 548 3885 XVI
565 3829 622 3885 hal.
657 3827 710 3886 Ob.
728 3817 833 3884 Oeoilia
850 3829 885 3884 de
903 3828 1021 3884 Stoffeln
1039 3831 1178 3884 monialis.
1210 3831 1260 3886 Ob.
1279 3832 1361 3885 Anna
1378 3830 1413 3885 de
1431 3830 1502 3885 Balb
1520 3847 1598 3886 soror
1615 3831 1753 3886 monialis.

398 3920 438 3975 IV.
493 3918 546 3972 XV
563 3916 620 3971 kal.
656 3915 708 3971 Ob.
727 3917 801 3972 (lesa
819 3914 1000 3986 deWolfegg
1017 3916 1156 3972 monialis.

397 4008 438 4062 18.
480 4003 546 4058 XIV
564 4002 621 4057 kal.
657 4002 707 4056 Ob.
725 4001 887 4072 Margareta
904 4001 939 4056 de
958 4003 1082 4058 Swnrtsa
1100 4003 1239 4058 monialis.
1270 4003 1321 4057 Ob.
1341 4003 1454 4058 Beatrix
1472 4004 1508 4060 de
1523 4004 1670 4058 Wolthart

396 4093 437 4147 1⁹.
479 4090 547 4144 XIII
564 4089 620 4143 hal.
656 4088 707 4145 Ob.
725 4088 885 4160 Hiltburgis
914 4090 949 4144 (18
972 4090 1090 4160 Staineg
1113 4091 1252 4146 monialis.
1289 4091 1340 4146 Ob.
1359 4090 1527 4161 Mangoldns
1558 4091 1593 4145 de
1618 4089 1737 4145 Brandis
1759 4107 1816 4160 eps.
1836 4092 2057 4146 Constantiensis

708 4177 738 4230 et
755 4174 819 4231 abb.
838 4176 996 4247 Augienais‚
1013 4176 1121 4230 amiens
1139 4179 1234 4232 noster
1251 4176 1437 4232 fidelissimus.

395 4266 439 4320 20.
494 4262 547 4317 XII
565 4260 621 4315 kal.
657 4261 708 4318 Ob.
727 4261 821 4317 Gnota
838 4263 1036 4318 Pielferhartin
1054 4277 1131 4317 soror
1148 4263 1287 4317 monialis.
1318 4262 1369 4318 Ob.
1388 4262 1522 4318 Adelhait
1539 4263 1575 4318 (18
1592 4262 1698 4334 Singen
1716 4281 1769 4318 sor.
1782 4265 1815 4318 l·.

396 4352 438 4406 21.
509 4349 548 4402 XI
566 4347 623 4402 kal.
659 4348 711 4404 Ob.
728 4349 867 4403 Iohannes
886 4350 990 4420 Bergae
1007 4367 1067 4404 oon.
1086 4350 1316 4405 constantiensis.

396 4438 438 4492 22.
522 4434 623 4489 Xkal.
659 4435 710 4491 Ob.
729 4436 843 4491 Uolrioh
862 4435 1071 4506 (1811111111.ἱ
1101 4435 1151 4492 Ob.
1170 4436 1317 4491 Elisabeth
1335 4435 1371 4490 (18
1389 4435 1479 4490 Bureh
1498 4435 1636 4492 monialis.

395 4525 439 4578 23.
508 4522 547 4576 IX
566 4520 622 4575 kal.
658 4521 709 4578 Ob.
727 4521 876 4577 Hainrious
894 4521 1020 4593 Scriptor
1037 4523 1072 4578 de
1090 4523 1299 4593 Crucelingen.⁸

395 4610 438 4664 24.
479 4608 547 4664 VIII
564 4607 620 4663 kal.
657 4606 707 4662 Ob.
730 4607 881 4662 Meehthilt
904 4607 939 4663 de
959 4609 1135 4679 Bsdewegen
1159 4609 1299 4664 monialis.
1336 4608 1386 4664 Ob.
1405 4609 1532 4664 Uolrieus
1558 4627 1616 4680 eps.
1634 4609 1866 4668 Constantiensis.
1902 4612 2059 4682 Stephanus

710 4692 745 4748 ds
763 4693 914 4748 Itoelswils.

396 4783 438 4838 25.
494 4782 547 4837 VII
565 4781 621 4837 kal.
658 4780 709 4836 Ob.
729 4780 911 4835 Berchtoldns
930 4780 965 4835 de
984 4782 1075 4836 Urseh
1094 4784 1177 4852 pater
1193 4783 1331 4838 monialis.
1362 4782 1412 4838 Ob.
1430 4783 1601 4837 Uodilhildis
1620 4783 1675 4854 [de]
1695 4783 1903 4856 Bluomenberg
1922 4786 2059 4840 monialis

717 4866 767 4922 os.
781 4866 897 4922 neonus
914 4867 950 4922 os
961 4853 1092 4938 seman..
1104 4868 1179 4939 pleb.
1192 4869 1228 4923 so
1240 4868 1267 4924 s.
1281 4869 1453 4939 stephanum
1470 4871 1501 4924 in
1513 4870 1700 4925 ohannes·
1732 4871 1784 4926 os.
1798 4871 1832 4926 1.
1845 4873 1880 4926 oe
1892 4873 2060 4942 nonages

713 4954 801 5008 frater
819 4953 957 5009 monialis.

434 5083 439 5095 .
510 5041 550 5096 VI
567 5041 623 5096 hal.
660 5040 712 5096 Oh.
730 5039 880 5095 Hainrious
899 5040 1041 5094 Bnrtlome
1059 5039 1177 5095 Goldast
1195 5041 1283 5096 linter
1300 5043 1438 5098 menlalis.

433 5170 440 5183 .
522 5128 547 5180 V
564 5128 621 5183 hal.
658 5126 708 5182 Ob.
727 5127 809 5181 Vrich
827 5144 882 5182 von
902 5128 1022 5197 Paigern
1042 5133 1123 5198 pater
1141 5129 1280 5184 monialis.

397 5218 405 5239 ⁸
433 5253 440 5266 .
511 5212 549 5267 IV
567 5213 623 5269 kal.
659 5212 709 5269 Ob.
730 5214 874 5270 Elisabeth
892 5215 927 5270 de
945 5216 1097 5287 Pridingen
1114 5217 1254 5271 monialis.

433 5339 439 5352 .
507 5300 548 5354 III
566 5301 622 5355 kal.
659 5300 710 5356 Ob.
728 5301 863 5357 Hainrich
882 5302 1001 5358 Goldast
1019 5307 1100 5372 poter
1117 5305 1213 5357 noster
1229 5303 1415 5358 fidelissimus.
1446 5305 1497 5360 Ob.
1516 5306 1632 5361 maister
1649 5307 1727 5361 Hans
1745 5324 1801 5362 von
1819 5308 2001 5379 Tegershsin.

433 5424 440 5437 .
523 5387 549 5441 lI
567 5387 623 5441 hal.
660 5387 711 5442 Ob.
731 5389 874 5443 Elisabeth
893 5387 928 5444 de
948 5389 1150 5443 hindenbsrch.
1181 5390 1361 5460 Willibnrgis
1380 5391 1415 5445 de
1433 5391 1585 5448 Tannowe.

502 5531 525 5588 ι)
544 5524 624 5578 Dedit
645 5533 660 5580 5
678 5543 784 5580 soaosas
802 5528 860 5580 vini
877 5543 972 5581 census
985 5528 1109 5596 perpetui
1126 5529 1158 5582 de
1173 5530 1315 5598 Merspury
1333 5547 1367 5584 es
1382 5531 1457 5584 horto
1474 5531 1544 5585 disto
1555 5532 1602 5586 der
1614 5533 1740 5600 Sdsenok,
1756 5550 1790 5587 es
1799 5551 1853 5602 quo
1864 5551 1944 5589 sassa
1956 5535 2062 5588 mia-

399 5601 468 5660 soso
489 5605 594 5663 oottids'e
611 5627 661 5664 ooo
678 5617 744 5664 1111
761 5607 863 5678 danda,
881 5613 942 5680 „ola
956 5613 1025 5679 ferse
1041 5613 1065 5666 si
1079 5615 1208 5684 9081981
1225 5619 1358 5685 muyeest‘t
1470 5619 1494 5688 s)
1512 5617 1628 5673 Dantur
1644 5627 1661 5673 2
1677 5635 1767 5674 11118
1784 5621 1841 5674 sissi
1857 5621 1888 5674 de
1905 5622 1977 5692 11918
1992 5623 2062 5678 dieto

398 5692 591 5766 Lanyesmoss.
697 5701 720 5764 a)
738 5697 822 5752 Dedit
841 5705 888 5754 120
904 5715 1015 5754 mareas.
1120 5703 1144 5764 s)
1162 5703 1245 5757 Dedit
1264 5705 1358 5776 otto>
