4298 6436
156 397 279 453 NOTAE
299 397 580 456 NEGROLOGICAE
599 402 644 456 ET
664 401 774 456 LIBER
794 403 1040 458 ANNlVERSAR.
1060 404 1364 460 PRAEPOSITURAE
1383 405 1609 494 Tuulcuusls.
1650 410 1713 472 569

70 575 95 624 ‘.
166 571 204 624 IV
222 589 286 626 nou.
316 573 451 628 luitoldus
475 575 555 630 miles
579 576 671 631 dictus
693 577 808 631 Fritsclii
833 577 890 631 ob.¹
927 578 1028 633 Mecht.
1052 579 1089 632 ab
1113 579 1305 649 Hergesperch
1330 581 1388 634 ob.²
1424 580 1521 635 Heinr.
1547 580 1713 648 Peregrinus

364 662 498 731 antiquus
523 663 580 717 ob.¹
608 663 755 719 Elisabeth
780 665 879 719 relicta
903 665 1044 733 quondam
1068 665 1144 720 Uolr.
1168 666 1238 720 dicti
1261 666 1397 721 Schennis
1421 667 1465 721 cb.
1495 666 1593 722 Adelh.
1616 666 1714 721 relicta

364 749 506 817 quondam
525 750 652 820 lingonis
670 751 740 805 dicti
759 752 863 806 Biberli
883 752 927 806 cb.
956 751 1073 806 Iacobus
1090 752 1182 807 dictus
1202 755 1288 808 ltevel
1307 757 1386 808 sutor
1403 754 1447 809 ob.

89 873 95 886 .
161 832 201 886 lll
220 849 285 887 uon.
313 837 394 890 Anno
414 838 481 890 1312
500 837 646 891 Riuwinus
664 838 699 892 de
719 839 820 893 Kloten
839 838 910 892 diac.
929 855 989 893 cau.
1002 838 1046 894 ob.
1077 839 1173 894 Heinr.
1189 841 1303 909 Phunge
1322 841 1365 895 ob.
1396 842 1491 894 Anna
1510 844 1591 895 nata
1609 858 1713 910 quon-

364 922 436 977 dam
455 924 614 993 magistri
635 925 798 979 Waltheri
817 926 943 980 medici
962 926 1011 980 ob.
1683 972 1687 984 ,

88 1045 95 1056 .
177 1005 203 1058 ll
220 1022 285 1059 non.
313 1009 473 1064 Burkardus
497 1011 532 1065 de
550 1012 634 1066 Curia
658 1013 717 1068 ob.⁴
752 1014 796 1067 lta
820 1030 890 1067 uxor
907 1014 936 1067 Ο.
955 1014 1089 1067 Gadi-sere
1114 1012 1157 1067 ob.
1194 1013 1340 1068 Elisabeth
1366 1031 1436 1068 uxor
1454 1014 1529 1067 Uolr.
1554 1015 1654 1068 militis
1678 1016 1713 1069 de

364 1098 536 1152 Rumlinlron
555 1098 615 1180 ob..
630 1099 762 1152 leucardis
781 1099 879 1153 relicta
898 1098 1058 1153 Berchtoldi
1076 1099 1213 1152 Swenden
1232 1099 1276 1152 ob.
1307 1099 1397 1153 Ruod.
1417 1100 1509 1155 dictus
1528 1101 1602 1156 'Puto
1621 1101 1665 1155 ob.

221 1195 285 1232 nou.
315 1185 388 1240 Uclr.
407 1185 604 1256 Kleingedank
626 1187 669 1241 ob.
702 1187 839 1240 Adelbero
857 1187 874 1239 l.
892 1186 951 1241 ob.⁸
980 1187 1121 1240 llichenza
1139 1186 1196 1240 ob.⁸
1227 1186 1363 1240 luitoldus
1382 1187 1522 1242 Goltstein
1541 1189 1585 1244 ob.
1616 1189 1713 1243 Heinr.

362 1272 442 1326 miles
466 1272 557 1327 dictus
576 1275 681 1328 Rumer
698 1274 754 1328 obl
785 1275 867 1328 Anno
887 1274 954 1329 1275
972 1274 1135 1343 ltuedgcrus
1154 1273 1189 1328 dc
1207 1274 1424 1328 Schoenenwert
1441 1275 1567 1330 subdiac.
1586 1293 1647 1330 can.
1667 1276 1712 1331 cb.

364 1361 447 1413 Auno
465 1360 534 1414 1⁶27ss
552 1359 640 1414 Ruod.
663 1378 717 1415 sac.
739 1361 822 1414 huius
844 1361 959 1414 ecclesie
978 1360 1180 1426 thesaurarius,
1206 1360 1298 1415 dictus
1317 1362 1439 1416 Marcius
1458 1365 1502 1418 cb.
1532 1363 1600 1418 Otto
1619 1362 1712 1416 dictus

365 1446 399 1501 de
418 1448 494 1500 Aste.
525 1447 726 1502 Wilhelmus
744 1449 879 1517 Cbcgat
897 1465 965 1518 cap.
985 1467 1005 1504 s.
1024 1447 1239 1518 Lecln]hardi
1259 1449 1321 1503 ob.⁸
1351 1449 1412 1518 [Ob.
1431 1450 1469 1504 10.
1489 1450 1523 1504 dc
1536 1450 1713 1520 Bluomuegg

365 1537 456 1588 rector
474 1535 589 1589 ecclesie
607 1533 637 1587 iu
655 1535 714 1588 Wil
733 1552 819 1605 prope
838 1535 1003 1606 Egliscuw.]

79 1613 94 1665 '·
141 1613 206 1667 VHI
224 1614 260 1667 ill·
314 1613 407 1676 Gucta
431 1620 488 1675 ob·
519 1621 607 1675 Ruod.
632 1621 666 1675 de
685 1621 847 1677 Wolrcuwa
869 1623 941 1677 ob.¹⁰
973 1623 1075 1677 Mecht.
1099 1641 1168 1678 uxor
1186 1625 1261 1678 Uolr.
1280 1625 1394 1679 Clarner
1416 1624 1459 1677 ob.
1491 1623 1590 1678 Adelh.
1614 1624 1713 1677 relicta

363 1708 504 1776 quondam
523 1708 618 1762 Wem.
637 1709 748 1764 Viuken
774 1709 819 1764 ob.
858 1711 953 1763 Auno
979 1711 1061 1764 1395
1085 1711 1260 1765 (lours-dus
1286 1712 1389 1781 Krieg
1413 1729 1480 1781 cap.
1509 1709 1712 1764 monasterii

364 1794 505 1850 abbatie
524 1796 751 1850 Thuriceusis.
782 1796 930 1865 [Iohannes
950 1796 1053 1850 Stulrlri
1073 1797 1103 1850 in
1121 1797 1275 1852 Niderdorf
1289 1797 1345 1866 cb]

88 1913 95 1927 ·
154 1872 205 1926 Vll
223 1872 260 1926 ill·
314 1883 397 1940 Nota.
415 1881 490 1950 quod
508 1899 582 1935 auno
595 1883 663 1937 1336
681 1883 756 1938 facta
772 1886 815 1936 est
827 1883 966 1937 discordia
977 1884 1053 1937 inter
1065 1884 1139 1940 cives
1152 1887 1181 1938 et
1194 1885 1320 1939 consules
1333 1883 1525 1938 Thuricenses.
1552 1885 1712 1937 Ann01336

366 1968 452 2023 Lieba
470 1987 539 2024 uxor
556 1970 690 2026 Friderici
709 1971 741 2024 lu
754 1971 825 2025 Foro
843 1971 886 2025 ob.
918 1970 1038 2025 Chucnr.
1058 1971 1218 2025 cellerarius
1236 1971 1271 2026 dc
1284 1970 1509 2040 Swabendiugen
1528 1969 1598 2024 ob.¹¹
1630 1970 1712 2024 Clara

365 2055 546 2110 uxorWern.
570 2056 605 2111 de
627 2056 747 2126 Friburg
772 2056 816 2110 ob.
855 2057 1022 2112 lohannes
1049 2058 1164 2111 Keller
1188 2061 1221 2112 et
1245 2057 1352 2112 ltuod.
1378 2056 1506 2120 Keller,
1535 2057 1712 2120 saltzman,

366 2145 504 2206 fratres,
523 2143 572 2198 cb.

87 2260 94 2272 ·
166 2219 205 2273 Vl
223 2219 260 2273 id·
314 2230 837 2300 RuoddictusdeWibchingenob.¹²
865 2231 1004 2286 Richeuza
1017 2231 1093 2286 dicta
1105 2231 1140 2285 de
1153 2231 1255 2286 Kloten
1268 2231 1312 2286 ob.
1341 2229 1711 2286 Katherinauxchhucnr.

363 2317 398 2371 de
411 2316 549 2372 Oberwile
567 2317 611 2370 cb.
639 2317 788 2386 [lohannes
801 2317 893 2386 Pluug
906 2317 1054 2373 seniorcb.
1082 2318 1177 2372 Heinr.
1191 2317 1305 2386 Byberli
1319 2317 1363 2371 ob.
1391 2317 1441 2371 Ob.
1455 2318 1579 2371 Barbara
1588 2317 1712 2372 Guoten-

365 2405 417 2456 siin
440 2421 510 2457 uxor
527 2404 660 2458 Iohannis
678 2403 854 2458 Kaltscbmid
878 2404 982 2459 notarii
1007 2404 1125 2474 capituli
1150 2404 1233 2459 huius
1258 2403 1380 2458 ecclesie.
1417 2404 1495 2458 Felix
1513 2405 1713 2459 Swartzmurer

365 2489 464 2560 miles]

252 2609 258 2621 ·
312 2576 400 2630 Ruod.
420 2576 493 2631 filius
505 2577 581 2631 Uolr.
595 2579 647 2631 Am
660 2576 745 2631 Stude
758 2577 904 2647 piscatoris
918 2578 961 2631 ob.
992 2576 1175 2631 Heinricus
1194 2576 1311 2632 dictus
1324 2577 1475 2632 'Pi-ueber
1493 2595 1646 2647 campsor
1663 2578 1713 2633 ob.

365 2663 530 2733 [Ruodolfua
548 2663 735 2718 Kilclrniattei·
753 2663 906 2718 schultheis
924 2663 959 2717 de
978 2663 1164 2733 Walenstad.]

253 2788 259 2800 ·
312 2750 442 2816 Weccil
464 2752 486 2817 l.
508 2751 578 2832 ob,
608 2752 663 2836 qui
692 2750 782 2816 dedit
809 2752 884 2816 huic
912 2752 1050 2831 ecclesie
1074 2753 1139 2815 tale
1163 2751 1330 2837 predium,
1362 2753 1459 2838 quale
1482 2751 1654 2816 videbatur
1677 2753 1710 2816 in

363 2854 494 2919 Huiuca
515 2853 733 2940 possidere.¹³
767 2854 873 2919 Ruod.
896 2854 1024 2940 Faba⁸)
1048 2855 1135 2919 ob.¹⁴
1168 2869 1264 2926 Heinr.
1282 2871 1363 2925 miles
1381 2871 1472 2925 dictus
1491 2871 1712 2926 Molendinarius

363 2975 381 3010 a
404 2956 467 3011 dem
486 2956 570 3026 Stege
591 2954 635 3009 ob.
667 2955 761 3010 Heinr.
784 2955 937 3025 cirurgicus
956 2955 1047 3010 dictus
1066 2954 1101 3008 de
1119 2954 1289 3009 Steiuhuscn
1307 2955 1351 3010 ob.
1383 2955 1479 3010 Heinr.
1498 2955 1658 3011 cellerarius
1676 2957 1711 3010 de

364 3043 555 3114 Wipcbingen
573 3042 617 3098 cb.
646 3042 997 3097 Berchtachffoltreob.
1025 3042 1121 3095 Heinr.
1134 3041 1236 3096 nobilis
1249 3041 1283 3096 de
1296 3042 1546 3098 Huomliulronob.
1573 3043 1711 3098 lohannes

364 3129 469 3185 Biberli
488 3130 531 3185 ob.

254 3261 260 3274 ·
313 3218 489 3284 Heinricus
512 3240 584 3284 can.
600 3218 687 3285 οἱ).15
725 3234 798 3288 sorr.
818 3234 898 3287 muas
917 3233 1009 3288 uerus
1027 3233 1062 3286 ue
1077 3232 1188 3287 aurun
1206 3234 1251 3287 ou.
1281 3234 1357 3288 u01r.
1377 3233 1457 3288 nares
1476 3232 1568 3288 dietus
1586 3233 1629 3286 in
1648 3233 1712 3287 uem

364 3321 430 3376 Orte
448 3322 491 3377 ob.
519 3323 639 3378 Chuour.
653 3322 768 3376 Martini
787 3322 832 3377 cb.
859 3321 1028 3376 Wilhclmus
1041 3321 1133 3376 dictus
1147 3321 1255 3376 Schafli
1274 3321 1318 3376 ob.
1346 3322 1527 3392 Margarctha
1540 3340 1609 3377 uror
1622 3321 1713 3376 Ruod.

364 3408 477 3464 Clarner
499 3410 543 3464 ob.
581 3409 705 3464 Judenlu
731 3409 831 3464 relicta
855 3409 975 3464 Chuonr.
1000 3409 1120 3463 Tursteu
1147 3409 1190 3463 ob.
1229 3410 1311 3463 Auno
1334 3411 1402 3464 1338
1428 3409 1595 3463 Alberchtua
1620 3408 1712 3462 dictus

364 3494 509 3560 Schorsnt,
527 3500 618 3551 rector
635 3496 750 3551 ecclesie
768 3497 798 3550 iu
816 3495 962 3550 Menidorl.

253 3624 259 3634 ·
311 3580 499 3648 Frideriuus
530 3583 570 3648 de
602 3583 796 3668 Steinekob)
827 3585 913 3650 οἱ).ισ
953 3599 1041 3654 ltucd.
1067 3599 1102 3653 de
1128 3599 1212 3652 Porta
1237 3616 1297 3654 can.
1321 3600 1365 3655 ob.
1408 3600 1490 3669 Hugo
1514 3600 1594 3654 miles
1619 3599 1711 3654 dictus

363 3685 456 3740 Bruno
474 3686 519 3741 ob.
549 3687 696 3758 Gerungus
714 3687 749 3741 de
767 3687 871 3741 Kloteu
889 3686 981 3741 dictus
1000 3685 1157 3740 Fulehaber
1175 3685 1245 3740 cb.¹¹
1278 3686 1367 3741 Ruod.
1387 3687 1461 3756 pleb.
1480 3686 1515 3740 de
1534 3685 1631 3750 Kamo,
1650 3704 1711 3742 can.

363 3772 445 3827 huius
464 3773 579 3828 ecclesie
597 3773 640 3828 ob.
671 3774 773 3828 Mecht.
792 3791 863 3829 uxor
876 3773 905 3829 C.
919 3773 1061 3828 Schafliui
1080 3775 1124 3828 cb.
1155 3775 1230 3829 Uolr.
1249 3774 1341 3828 dictus
1354 3773 1499 3843 Schripher
1517 3774 1561 3828 ob.
1593 3773 1710 3828 lacobus

361 3858 453 3913 dictus
472 3860 554 3924 Tuto,
573 3860 647 3914 filius
663 3861 799 3930 Hugouis,
818 3861 867 3930 qui
884 3861 977 3915 dictus
995 3864 1038 3915 cst
1050 3861 1234 3915 Marchwardi
1254 3861 1297 3915 ob.
1328 3861 1466 3915 lohannes
1485 3859 1577 3914 dictus
1595 3859 1630 3914 de
1643 3860 1711 3914 Tor·

363 3943 461 4000 linkon
485 3947 529 4002 ob.
565 3947 721 4002 Katherina
745 3965 814 4002 uxor
836 3948 911 4003 Uolr.
933 3947 1136 4018 Stamphibacb
1159 3947 1203 4002 ob.
1242 3949 1285 4002 lta
1310 3957 1358 4002 cvl
1383 3963 1460 4001 soror
1483 3946 1612 4016 magistri
1633 3948 1710 4001 Petri

364 4033 473 4088 medici.
503 4033 932 4103 Iohaunesdictusllleyso
951 4035 1000 4090 ob.
1030 4034 1375 4090 KatherinadeEich
1394 4033 1441 4088 ob.
1471 4031 1711 4088 Heinricusdc

294 4171 296 4174 ,
364 4120 492 4174 Ifental
510 4119 609 4175 miles
628 4121 676 4177 ob.
707 4121 767 4192 [Ob.
786 4122 924 4177 lohannes
942 4122 1062 4192 Escber.]

222 4203 259 4258 id.
313 4207 407 4262 Heinr.
420 4207 542 4262 Gudrser
559 4211 641 4278 pater
658 4208 787 4279 magistri
799 4208 984 4264 Marchwardi
997 4207 1080 4263 huius
1093 4207 1281 4263 ecclesiecan¹
1294 4207 1337 4262 cb.
1366 4205 1541 4262 Eberhardus
1554 4207 1588 4262 de
1601 4208 1711 4278 Eppen-

363 4294 437 4349 stein
454 4295 535 4349 miles
554 4295 597 4349 ob.

157 4539 182 4606 ὓ)
200 4541 240 4591 B.-
257 4541 342 4592 Ruod.
362 4543 379 4592 l.
398 4541 481 4592 &liu
498 4541 620 4594 Berressa.
725 4541 750 4605 b)
770 4543 808 4593 B.-
825 4543 918 4594 rr'cbilis
935 4543 967 4594 cle
985 4542 1125 4610 Steiaeype.

157 4679 179 4744 ι)
198 4677 245 4731 Pr.
263 4676 296 4730 dc
314 4675 391 4730 dorio
402 4676 512 4730 Lriloldr'
528 4677 622 4732 militie
638 4677 703 4732 dicti
716 4678 838 4733 Grrrirser
855 4679 933 4732 iura
947 4683 1056 4746 portura
1073 4694 1101 4730 se
1114 4677 1230 4731 bisulca.
1335 4681 1358 4740 e)
1378 4676 1423 4730 Pr.
1437 4676 1597 4745 deprendam
1611 4676 1712 4729 piacola

53 4770 143 4818 eccum
163 4764 202 4818 dri
227 4765 293 4820 Ober
317 4765 423 4831 Rarus,
448 4765 500 4818 erla
522 4766 594 4820 iracr
615 4766 719 4819 siricam
743 4766 778 4820 R.
801 4765 866 4820 dicti
887 4765 1052 4832 Herroerpera
1074 4769 1098 4818 el
1121 4763 1223 4817 cinarus
1247 4762 1386 4830 quarelam
1409 4763 1575 4817 Brannarr'i.
1618 4763 1711 4815 Murra

50 4852 190 4906 recerdicri
207 4854 305 4906 ramuli
317 4853 397 4907 XIV.
411 4853 536 4908 eddilam
555 4859 608 4908 est:
625 4859 711 4922 mccl,
729 4853 795 4922 quia
806 4853 923 4906 insanire*
934 4869 990 4906 aon
1001 4857 1090 4919 retest.
1195 4855 1218 4918 a)
1240 4851 1287 4905 Pr.
1309 4854 1330 4918 1)
1342 4850 1375 4904 de
1389 4850 1464 4904 vinea
1475 4868 1514 4903 aa
1527 4849 1712 4914 malumus„

52 4941 74 5005 1)
91 4937 124 4992 de
147 4947 163 4992 4
187 4939 319 5009 inperitus
342 4941 437 4995 sitium
459 4941 517 4995 sitis
540 4941 572 4994 iri
592 4941 713 5010 Talwile,
738 4957 807 5009 pirae
829 4941 890 4995 colit
914 4940 950 4994 R.
969 4941 1023 4993 Am
1043 4939 1126 4994 Stude
1151 4945 1175 4994 cl
1199 4939 1274 5006 filius
1298 4938 1363 4991 eius.
1473 4939 1496 5005 r)
1514 4937 1562 4993 Pr.
1588 4936 1711 4990 debonis

49 5025 101 5078 siue
114 5025 228 5093 praedic
244 5027 276 5079 ia
288 5027 444 5096 Naplinlrcrr
462 5027 510 5082 dat
526 5028 613 5082 dictus
626 5028 704 5083 Bato.
810 5029 833 5095 s)
853 5027 901 5083 Pr.
920 5026 952 5080 de
968 5027 1095 5080 Meilcrw.
1200 5029 1223 5093 s)
1244 5026 1292 5079 Pr.
1309 5024 1340 5078 de
1350 5025 1475 5094 pistrino.
1580 5027 1602 5090 r)
1621 5023 1667 5078 Pr.
1679 5022 1712 5076 de

50 5111 127 5166 domo
144 5111 225 5166 war.
246 5113 350 5182 θυρίον
371 5115 402 5168 iri
423 5115 550 5181 Inferiori
567 5115 645 5169 Vrlla.
755 5117 778 5182 s)
798 5115 969 5170 Anrrc1368.
1080 5115 1102 5181 9)
1121 5113 1169 5168 Pr.
1195 5112 1226 5167 de
1250 5112 1346 5166 Erebe.
1459 5112 1493 5178 ιο)
1512 5111 1559 5164 Pr.
1583 5109 1614 5162 de
1635 5108 1711 5163 dcrrw

49 5199 107 5252 eius
131 5200 185 5252 aila
207 5217 247 5252 crs
268 5199 315 5254 der
337 5201 509 5271 Kilebpassers
533 5219 565 5256 ex
587 5203 704 5270 opposito
726 5202 817 5257 σιω-ιλιι
842 5207 947 5256 mirae
971 5201 1128 5254 acolraictoe.
1242 5201 1277 5268 ιι)
1305 5199 1353 5253 Pr.
1378 5198 1409 5252 de
1432 5197 1539 5252 cellario
1563 5197 1710 5250 claustrali.

51 5287 86 5352 ιι)
104 5285 152 5342 Pr.
173 5289 195 5354 ¹)
213 5287 243 5340 de
259 5287 335 5342 dorso
351 5305 471 5343 eororam
487 5290 518 5342 in
532 5289 675 5344 Odonbaclr
691 5289 764 5343 dida
780 5290 825 5343 Za
843 5289 895 5342 dea
908 5287 1068 5355 Sdbersraid,
1089 5289 1110 5355 ²)
1129 5287 1160 5340 de
1178 5286 1255 5340 dorm
1272 5286 1303 5339 irs
1317 5285 1393 5339 Foro
1410 5284 1479 5338 dira
1491 5284 1530 5337 Ze
1541 5282 1597 5338 dem
1614 5283 1710 5337 Varla.

50 5375 85 5438 rr)
103 5371 151 5428 Pr.
168 5373 200 5428 de
216 5374 318 5430 Honcc.
424 5378 460 5444 rr)
479 5377 525 5430 Pr.
543 5376 575 5429 dc
590 5375 666 5430 dorae
683 5376 714 5429 ira
733 5374 822 5442 Fcro;
840 5375 864 5429 0
879 5381 968 5428 auum
985 5375 1056 5442 dicu,
1071 5391 1114 5442 pr.
1133 5374 1196 5428 dari
1215 5377 1236 5439 ¹)
1254 5373 1287 5427 de
1304 5371 1380 5426 dorric
1396 5371 1460 5425 dari
1472 5369 1621 5438 Bardinrr,
1639 5389 1710 5440 quac

50 5476 125 5514 auru:
141 5466 177 5514 est
195 5461 439 5531 Wolflerbacbirrarr,
460 5467 481 5532 ²)
500 5463 533 5516 de
550 5461 662 5516 dimidia
675 5468 755 5531 parte
772 5463 867 5516 mua
883 5461 1013 5515 Iohannis
1027 5460 1165 5529 Perspice
1181 5460 1234 5513 eila
1250 5461 1281 5511 irs
1292 5459 1401 5526 Litlcre,
1420 5475 1490 5528 qaae
1504 5458 1558 5524 [ait
1575 5457 1710 5525 qrrmrdma

49 5547 170 5616 irrupisti
198 5548 269 5603 Uclr.
289 5549 504 5618 Wclflerberberr,
531 5549 693 5602 merarii
715 5549 798 5602 liuius
821 5549 946 5603 eoeloeiae.
1058 5550 1094 5614 ιι)
1115 5547 1161 5601 Pr.
1185 5546 1217 5600 dc
1237 5546 1430 5600 Wallclincbon
1451 5544 1500 5612 (G.-
1522 5543 1709 5614 Walllinlrcn).

49 5635 85 5700 re)
106 5633 155 5688 Pr.
173 5635 205 5689 de
222 5637 307 5690 Arche
323 5635 370 5703 (0:
389 5637 487 5700 Eedse)
505 5642 528 5691 ct
545 5636 577 5690 de
593 5636 750 5705 Zabram.
856 5639 891 5703 ιι)
908 5635 957 5690 Pr.
978 5639 998 5703 ¹)
1019 5634 1051 5688 dc
1067 5633 1143 5687 dorio
1160 5638 1183 5686 et
1200 5632 1272 5686 turri
1288 5631 1425 5702 qrrcridam
1441 5630 1585 5686 haeredum
1605 5629 1710 5688 annie

49 5721 196 5776 Manassen
212 5722 244 5775 irs
263 5723 401 5791 Supmbri
417 5723 496 5791 Villa,
517 5727 538 5791 ²)
557 5723 590 5778 de
607 5739 671 5778 arca
689 5723 827 5794 qucrrdam
843 5723 926 5779 castri
942 5723 974 5776 iri
990 5720 1130 5778 Kanna.

110 5883 119 5889 .
154 5824 236 5878 Nece.
255 5825 320 5874 Aua.
338 5823 484 5875 Cossium.
502 5825 565 5876 Curi.
1467 5815 1501 5870 72
