4590 6428
237 1519 455 1618 LIBER
488 1523 1160 1623 ANNIVERSARIORUM
1192 1527 1550 1626 EOOLESIAE
1581 1528 1866 1628 MAIORIS

827 1683 1301 1780 AUGUSTENSIS.
1425 1717 1427 1722 ’

341 1905 577 2016 Neeroloyium
598 1935 743 2001 ecclesiae
770 1939 903 2004 maioris
925 1939 1136 2022 Anquslensis
1164 1939 1263 2002 medio
1290 1960 1364 2003 aevo
1390 1941 1544 2021 scriblam
1569 1961 1635 2006 non
1657 1947 1702 2006 esi
1723 1947 1889 2007 servatum.

225 2037 401 2103 Habemus
428 2061 499 2104 vcro
526 2039 642 2104 librum
674 2043 966 2110 anniversariorum
996 2044 1095 2108 buius
1120 2043 1265 2108 ccclesiae
1291 2044 1385 2108 inilia
1412 2043 1531 2108 saeculi
1560 2044 1656 2109 XVI.
1680 2047 1892 2126 compositum,

225 2141 291 2222 qui
313 2142 395 2224 solia
409 2145 518 2206 8-53
533 2144 649 2208 codicis
669 2147 898 2212 membranacei
919 2148 1040 2230 formae
1054 2147 1212 2211 maximae
1231 2148 1267 2210 in
1288 2146 1447 2212 tabellario
1461 2147 1545 2230 reyio
1560 2147 1750 2212 Monacensi
1763 2150 1893 2230 repositi

230 2251 266 2309 el
288 2246 485 2330 „Auqsbarq
507 2246 706 2329 Domcapilel
726 2251 772 2315 ΙΙ
789 2251 869 2315 HA
891 2253 952 2317 No.
969 2253 1053 2315 130r
1075 2252 1194 2334 manati
1214 2251 1322 2331 emolei.

341 2349 407 2414 Hic
430 2349 508 2416 libor
522 2350 657 2432 pulchre
680 2355 910 2435 transscripius
931 2361 978 2419 esi
998 2376 1038 2419 cc
1059 2355 1238 2435 antiquiore
1261 2355 1554 2420 anniversariorum
1577 2353 1655 2419 libro
1677 2375 1764 2420 nunc
1786 2356 1891 2435 deleto,

228 2453 285 2515 ita
301 2457 408 2517 lamen
422 2459 460 2517 ni
474 2454 575 2518 mulla
589 2457 719 2520 nomina
735 2459 961 2522 oruiilermlur.
996 2458 1051 2522 Eoo
1064 2459 1115 2522 bis
1129 2459 1214 2522 nolis
1228 2459 1264 2521 in
1278 2479 1355 2522 nooo
1370 2458 1542 2539 cremplari
1557 2460 1593 2542 (a
1608 2481 1655 2523 me
1669 2460 1702 2524 A
1716 2461 1892 2545 nominato)

230 2557 363 2620 omissis
378 2563 504 2622 sauata
526 2564 572 2622 esi
592 2565 669 2624 nola
691 2561 755 2624 {liei
770 2565 799 2624 1.
816 2562 989 2626 Februarii
1010 2563 1191 2626 anni1478
1214 2565 1244 2625 cl
1265 2561 1348 2625 olnae
1362 2567 1454 2626 nolae
1469 2563 1658 2640 anni1501,
1681 2583 1762 2644 quas
1779 2563 1892 2629 Gabel

231 2661 330 2724 boner
351 2659 546 2726 collectaneis
574 2663 644 2727 sui-s
667 2664 872 2748 ycncaloqicis
900 2668 1006 2749 (mscr.
1030 2665 1185 2730 tabularii
1207 2665 1286 2747 req-ii
1307 2665 1560 2747 Sinllaarclrani,
1588 2666 1641 2748 fol.
1659 2669 1723 2730 943
1742 2673 1773 2731 el
1792 2670 1892 2752 1698)

231 2765 363 2828 adiecit.
408 2765 580 2831 Praeterea
601 2769 698 2832 annis
721 2769 860 2848 1505s'12
880 2790 996 2835 manus
1017 2769 1119 2834 altera
1141 2769 1217 2833 baec
1238 2770 1368 2834 nomina
1383 2770 1500 2834 oruissa
1514 2769 1592 2834 libro
1606 2770 1638 2834 A
1653 2769 1769 2834 addere
1784 2771 1891 2850 crepa,

230 2869 292 2931 sed
318 2869 414 2934 ctiam
441 2869 527 2934 bunc
552 2872 734 2952 scm'plorcm
756 2893 820 2937 non
842 2894 947 2938 omnes
968 2879 1061 2938 nolas
1082 2873 1122 2936 ab
1144 2878 1272 2937 aratore
1294 2872 1368 2936 libri
1390 2873 1423 2937 A
1438 2873 1683 2953 praetenuissas
1704 2873 1891 2938 acliunoisse

231 2973 432 3036 dammum
453 2980 529 3039 noia
550 2975 608 3039 illa
631 2976 695 3040 diei
718 2980 746 3039 1.
763 2976 945 3055 Februarii,
968 2999 1065 3059 quam
1086 2997 1173 3041 unus
1197 2975 1387 3041 (labello-cer
1408 2977 1552 3040 seroairil.

342 3075 568 3160 Summarium
582 3077 657 3144 libri
678 3079 712 3143 A
732 3085 763 3144 el
784 3079 885 3157 „libri
907 3081 1171 3146 ordinationum
1193 3081 1337 3145 ecclesiae
1365 3079 1468 3159 illius,
1495 3079 1580 3162 qnod
1606 3079 1643 3143 in
1664 3079 1768 3144 eodem
1789 3079 1893 3144 codice

229 3179 290 3261 sol.
315 3182 466 3245 54-156
488 3188 629 3264 occurat,
652 3184 771 3248 coliium
793 3185 897 3250 estin
919 3185 1009 3250 Mon.
1034 3185 1126 3250 Boic.
1152 3184 1302 3249 XXXV.

341 3283 489 3350 Alterum
517 3285 592 3351 libri
617 3286 649 3350 A
672 3286 838 3367 exemplar,
870 3289 906 3352 in
938 3289 1023 3370 quod
1051 3288 1147 3352 eliam
1173 3288 1392 3352 additamenta
1412 3307 1530 3350 monus
1551 3285 1707 3350 secundae
1729 3305 1828 3366 usam
1849 3285 1894 3350 aa

230 3407 361 3451 animm
383 3389 470 3452 1512
490 3395 614 3471 reccma
635 3395 720 3468 sunl,
743 3390 799 3455 boc
820 3395 889 3472 ipso
908 3413 994 3456 anno
1010 3393 1230 3472 conscriptum,
1253 3395 1385 3472 occupat
1392 3394 1521 3470 ponem
1535 3388 1651 3454 codicis
1665 3388 1893 3453 nwnibranacei

229 3490 358 3571 formae
385 3491 543 3556 maximae
564 3493 749 3576 (Auosbnry
772 3493 971 3576 Domcapiiel
998 3496 1043 3559 II
1060 3495 1140 3559 Η.4
1162 3494 1222 3558 Νο.
1241 3495 1319 3573 139)
1347 3493 1383 3558 in
1411 3491 1571 3557 tabulario
1599 3492 1682 3574 reqio
1704 3491 1894 3556 Monacensi

230 3594 400 3658 asservati.
449 3592 529 3659 Oum
549 3616 621 3659 vero
642 3596 814 3662 babeamus
834 3598 941 3677 ipsum
964 3595 1079 3661 librum
1100 3595 1143 3673 A,
1166 3595 1222 3660 loc
1243 3597 1403 3678 enernplar
1424 3597 1539 3677 respici
1560 3616 1625 3660 non
1646 3616 1725 3676 opus
1746 3600 1801 3660 esi.

332 3697 440 3762 'Libro
455 3699 748 3764 anniversariorum
763 3702 894 3765 nomina
909 3703 1123 3782 episcoporum
1139 3699 1500 3781 ccclesiaeAnauslensis
1515 3699 1552 3761 in
1565 3700 1707 3781 maraine
1719 3697 1896 3762 calendarii

231 3801 355 3865 codicis
376 3800 517 3866 missalis
531 3803 744 3885 Auqusiensis
766 3805 995 3869 membranacei
1016 3808 1118 3888 (nunc
1140 3803 1205 3866 cod.
1222 3802 1316 3866 Harl.
1333 3803 1476 3866 Lomlini
1490 3799 1551 3867 No.
1566 3803 1668 3885 2908)
1689 3802 1813 3867 saeculo
1831 3802 1894 3866 XI.
1948 3831 1952 3844 ¹

230 3909 370 3968 exeunte
391 3902 439 3969 oel
459 3905 584 3971 saeculo
608 3907 690 3972 XII.
715 3908 844 3972 incunte
865 3910 986 3990 scm'pla
1013 3929 1052 3972 ecc
1079 3905 1252 3987 cncmplari
1281 3907 1344 3970 oiri
1366 3905 1538 3970 clarissimi
1559 3904 1643 3984 Iaffc'
1665 3905 1779 3969 addidi
1800 3911 1896 3986 alque

229 4007 352 4072 litteris
373 4008 548 4073 maioribus
569 4009 714 4075 dislirmi.
758 4011 900 4076 Nomina
922 4012 1000 4077 libro
1022 4012 1054 4076 A
1069 4013 1177 4093 primo
1199 4010 1355 4091 aaaron
1376 4009 1491 4074 litteris
1511 4007 1655 4086 minutis,
1677 4009 1896 4074 addilomeola

229 4109 335 4175 buius
357 4109 447 4193 libri,
475 4133 557 4194 qum
582 4135 621 4179 ea
648 4115 772 4180 soeculo
796 4115 894 4180 XIV.
918 4122 948 4180 el
970 4115 1048 4182 XV.
1071 4114 1211 4180 oriunda
1232 4118 1322 4191 suni,
1351 4113 1465 4177 litteris
1486 4112 1620 4176 minutis
1645 4112 1739 4176 uncis
1760 4111 1896 4176 inclusis

230 4235 371 4298 minam·
923 4241 927 4248 '

929 4429 1205 4505 IANUARIUS.

250 4579 275 4632 1.
408 4577 465 4632 kal.
501 4578 635 4635 Memoria
654 4581 837 4653 syrridiepw
871 4581 990 4651 Luigarl
1001 4580 1054 4643 ob,
1072 4596 1127 4648 quc
1140 4598 1160 4633 s.
1173 4578 1262 4633 Msrie
1275 4577 1353 4632 dedit
1365 4575 1487 4632 casulam
1501 4575 1618 4645 preciosi
1631 4574 1731 4644 operis.
1760 4574 1897 4629 Memoria

552 4666 663 4721 Oitonis
685 4667 869 4734 kamerarii,²
893 4667 942 4737 qui
965 4665 1020 4721 fuit
1040 4683 1109 4719 avus
1130 4663 1256 4718 Hainrici
1279 4661 1439 4717 kamerarii.
1474 4660 1609 4716 Memoria
1627 4660 1731 4729 Syfridi
1750 4660 1785 4715 de
1802 4659 1895 4730 Algia-

675 4756 685 4786 Ι

247 4841 275 4894 2.
350 4837 392 4892 IV
410 4855 474 4893 non.
502 4752 671 4892 Auliulsilb
687 4838 731 4893 ob.
750 4838 885 4908 magister
901 4838 1012 4894 Ulricus
1029 4837 1188 4907 Nidlinger‚
1206 4835 1348 4904 quondam
1366 4833 1493 4888 notarius
1511 4832 1546 4887 de
1562 4833 1648 4887 Tek.⁴
1677 4832 1895 4901 Marquarbsan.

550 4927 580 4978 ei
597 4924 667 4978 disc.
686 4924 778 4979 dictus
797 4925 831 4979 de
848 4925 932 4979 Ulmo
950 4925 994 4981 ob.
1013 4923 1062 4994 qui
1080 4923 1160 4978 dedii
1176 4922 1257 4978 nobis
1276 4923 1388 4977 domum
1407 4920 1481 4975 inter
1501 4919 1676 4982 calcialores,
1694 4918 1743 4988 qui
1765 4917 1896 4972 dicuntur

551 5010 803 5080 Winn1uler,quam
814 5012 884 5066 emit
893 5029 944 5082 pro
951 5014 985 5068 50
993 5009 1094 5065 marcis
1103 5008 1222 5079 argenti.
1246 5006 1428 5061 Berchloldus
1437 5005 1517 5059 miles
1526 5004 1618 5058 dictus
1627 5003 1662 5058 de
1672 5003 1831 5074 Schilperch
1838 5004 1897 5058 οὶ).ι

343 5217 461 5287 1)Haec
481 5220 603 5274 memaia
625 5219 716 5288 priona
740 5218 784 5274 die
806 5219 935 5286 acinique
956 5219 1053 5273 nemis
1075 5216 1203 5271 celebrata
1227 5221 1271 5270 est.
1385 5217 1407 5283 r)
1427 5213 1472 5268 De
1495 5211 1668 5279 Welleubury.
1781 5212 1803 5278 a)
1823 5210 1897 5264 Haec

228 5304 365 5362 messoria
382 5305 464 5358 eliam
481 5305 622 5360 ammaim
641 5313 680 5360 29.
699 5307 844 5374 Iamiarii,
869 5312 908 5362 26.
930 5305 1020 5373 Fau,
1042 5311 1081 5358 26.
1102 5302 1214 5370 Martii,
1237 5308 1276 5356 23.
1295 5301 1412 5370 Aoniis,
1436 5306 1473 5352 21.
1493 5298 1577 5366 Maii,
1598 5305 1636 5353 18.
1655 5296 1744 5364 Iunii,
1764 5304 1801 5350 16.
1821 5294 1896 5362 Iulii,

229 5399 271 5448 13.
289 5392 374 5458 Ana,
395 5397 419 5444 9.
433 5390 511 5458 Sui,
529 5399 553 5447 8.
568 5391 629 5460 θοι,
647 5400 669 5446 5.
683 5392 751 5446 Nou.
768 5398 791 5447 el
808 5400 832 5449 3.
846 5391 928 5460 Dec,·
946 5409 1008 5447 cum
1026 5389 1142 5456 SrVrirlm
1160 5387 1281 5444 munibus
1298 5387 1340 5441 lis
1357 5385 1447 5440 diebus
1464 5385 1600 5454 cyrisoopus
1615 5383 1772 5450 nominetur,
1786 5387 1896 5451 putam,

227 5479 309 5532 nunc
323 5475 463 5542 Sisridnm
480 5493 532 5531 ase
549 5491 603 5546 epm
619 5479 818 5548 Anconitanum,
837 5478 886 5548 qni
903 5485 1024 5532 morinus
1041 5481 1077 5530 est
1096 5492 1170 5529 anno
1188 5480 1260 5530 1288.
1365 5473 1388 5538 ⁴)
1406 5469 1490 5525 Dedit
1507 5477 1541 5526 20
1552 5471 1612 5539 ibo)
1630 5469 1701 5536 Auo.
1718 5468 1750 5520 in
1769 5467 1897 5536 anplione

228 5564 369 5618 borronrm
383 5562 416 5615 in
430 5561 542 5616 Grabun
552 5569 696 5632 mentorum
708 5583 727 5618 a
739 5565 856 5619 dominis
867 5563 899 5618 ‹le
909 5561 1096 5620 Haldenbcrcb
1107 5569 1131 5615 ei
1142 5560 1205 5614 inde
1216 5559 1348 5614 ordinarii
1359 5557 1421 5611 dari
1435 5566 1447 5610 1
1458 5559 1489 5611 m
1501 5557 1584 5625 Auyc
1600 5556 1664 5608 ilem
1675 5553 1747 5607 dedit
1758 5561 1774 5608 6
1785 5556 1815 5609 a
1827 5553 1897 5620 Auo.

227 5651 260 5703 iu
282 5646 418 5718 sermione
435 5646 562 5701 bonorum
578 5648 610 5701 in
629 5647 824 5704 Olmarsbusen.
926 5652 948 5714 5)
968 5648 1052 5704 Dalii
1070 5655 1102 5700 17
1111 5649 1142 5702 a
1153 5645 1223 5714 Aua.
1241 5644 1319 5698 datas
1336 5644 1367 5697 in
1383 5643 1555 5712 reparatione
1571 5641 1665 5696 domm
1683 5639 1858 5695 Iudaeorum.
