<?xml version="1.0" encoding="UTF-8"?>
<!DOCTYPE html PUBLIC "-//W3C//DTD XHTML 1.0 Transitional//EN"
    "http://www.w3.org/TR/xhtml1/DTD/xhtml1-transitional.dtd">
<html xmlns="http://www.w3.org/1999/xhtml" xml:lang="en" lang="en">
 <head>
  <title>
</title>
<meta http-equiv="Content-Type" content="text/html;charset=utf-8" />
  <meta name='ocr-system' content='tesseract 3.04.00' />
  <meta name='ocr-capabilities' content='ocr_page ocr_carea ocr_par ocr_line ocrx_word'/>
</head>
<body>
  <div class='ocr_page' id='page_1' title='image "./monumentagerman04mittgoog_0674.png"; bbox 0 0 4334 6442; ppageno 0'>
   <div class='ocr_carea' id='block_1_1' title="bbox 733 425 1865 492">
    <p class='ocr_par' dir='ltr' id='par_1_1' title="bbox 733 425 1865 492">
     <span class='ocr_line' id='line_1_1' title="bbox 733 425 1865 492; baseline 0.019 -22"><span class='ocrx_word' id='word_1_1' title='bbox 733 465 736 470; x_wconf 88' lang='lat'><em>.</em></span> <span class='ocrx_word' id='word_1_2' title='bbox 834 425 1061 479; x_wconf 78' lang='lat' dir='ltr'><strong>FRAGMENTA</strong></span> <span class='ocrx_word' id='word_1_3' title='bbox 1080 425 1250 480; x_wconf 79' lang='lat' dir='ltr'><em>INCER&#39;I&#39;A.</em></span> <span class='ocrx_word' id='word_1_4' title='bbox 1807 427 1865 492; x_wconf 88' lang='grc'><em>661</em></span> 
     </span>
    </p>
   </div>
   <div class='ocr_carea' id='block_1_2' title="bbox 210 600 1874 1827">
    <p class='ocr_par' dir='ltr' id='par_1_2' title="bbox 210 600 1874 1827">
     <span class='ocr_line' id='line_1_2' title="bbox 213 600 1872 682; baseline 0.001 -19"><span class='ocrx_word' id='word_1_5' title='bbox 213 601 376 682; x_wconf 52' lang='lat' dir='ltr'><em>qnantum</em></span> <span class='ocrx_word' id='word_1_6' title='bbox 397 600 629 676; x_wconf 76' lang='lat' dir='ltr'><em>nominavisset,</em></span> <span class='ocrx_word' id='word_1_7' title='bbox 653 621 669 661; x_wconf 90' lang='lat' dir='ltr'><em>e</em></span> <span class='ocrx_word' id='word_1_8' title='bbox 691 600 784 662; x_wconf 91' lang='lat' dir='ltr'><em>cuius</em></span> <span class='ocrx_word' id='word_1_9' title='bbox 805 601 981 664; x_wconf 75' lang='lat' dir='ltr'><em>martemrio</em></span> <span class='ocrx_word' id='word_1_10' title='bbox 1002 601 1133 664; x_wconf 90' lang='lat' dir='ltr'><em>nomina</em></span> <span class='ocrx_word' id='word_1_11' title='bbox 1155 622 1176 663; x_wconf 88' lang='lat' dir='ltr'><em>a</em></span> <span class='ocrx_word' id='word_1_12' title='bbox 1196 621 1229 662; x_wconf 90' lang='lat' dir='ltr'><em>se</em></span> <span class='ocrx_word' id='word_1_13' title='bbox 1246 604 1392 680; x_wconf 60' lang='lat' dir='ltr'><em>coemto</em></span> <span class='ocrx_word' id='word_1_14' title='bbox 1414 621 1478 662; x_wconf 89' lang='lat' dir='ltr'><em>esse</em></span> <span class='ocrx_word' id='word_1_15' title='bbox 1500 600 1725 679; x_wconf 74' lang='lat' dir='ltr'><em>confirmasset.</em></span> <span class='ocrx_word' id='word_1_16' title='bbox 1771 601 1872 664; x_wconf 90' lang='lat' dir='ltr'><em>Immo</em></span> 
     </span>
     <span class='ocr_line' id='line_1_3' title="bbox 214 703 1873 784; baseline -0.002 -15"><span class='ocrx_word' id='word_1_17' title='bbox 214 729 283 770; x_wconf 78' lang='lat' dir='ltr'><em>omo</em></span> <span class='ocrx_word' id='word_1_18' title='bbox 311 711 404 769; x_wconf 86' lang='lat' dir='ltr'><em>notae</em></span> <span class='ocrx_word' id='word_1_19' title='bbox 430 704 651 767; x_wconf 79' lang='lat' dir='ltr'><em>Tscbrtdiccmce</em></span> <span class='ocrx_word' id='word_1_20' title='bbox 679 705 766 784; x_wconf 77' lang='lat' dir='ltr'><em>ipsm</em></span> <span class='ocrx_word' id='word_1_21' title='bbox 794 705 1007 768; x_wconf 86' lang='lat' dir='ltr'><em>demonstrare</em></span> <span class='ocrx_word' id='word_1_22' title='bbox 1033 705 1112 768; x_wconf 88' lang='lat' dir='ltr'><em>mibi</em></span> <span class='ocrx_word' id='word_1_23' title='bbox 1138 705 1300 780; x_wconf 77' lang='lat' dir='ltr'><em>metentur,</em></span> <span class='ocrx_word' id='word_1_24' title='bbox 1330 705 1557 780; x_wconf 78' lang='lat' dir='ltr'><em>mortuarium,</em></span> <span class='ocrx_word' id='word_1_25' title='bbox 1587 724 1627 766; x_wconf 78' lang='lat' dir='ltr'><em>ea</em></span> <span class='ocrx_word' id='word_1_26' title='bbox 1655 724 1717 784; x_wconf 79' lang='lat' dir='ltr'><em>quo</em></span> <span class='ocrx_word' id='word_1_27' title='bbox 1744 703 1797 766; x_wconf 83' lang='lat' dir='ltr'><em>illc</em></span> <span class='ocrx_word' id='word_1_28' title='bbox 1819 725 1873 766; x_wconf 86' lang='lat' dir='ltr'><em>eus</em></span> 
     </span>
     <span class='ocr_line' id='line_1_4' title="bbox 214 806 1873 888; baseline -0.002 -14"><span class='ocrx_word' id='word_1_29' title='bbox 214 811 337 888; x_wconf 73' lang='lat' dir='ltr'><em>barmit,</em></span> <span class='ocrx_word' id='word_1_30' title='bbox 370 807 489 872; x_wconf 89' lang='lat' dir='ltr'><em>saeculi</em></span> <span class='ocrx_word' id='word_1_31' title='bbox 513 807 596 871; x_wconf 90' lang='lat' dir='ltr'><strong><em>XII.</em></strong></span> <span class='ocrx_word' id='word_1_32' title='bbox 622 813 717 887; x_wconf 76' lang='lat' dir='ltr'><em>purte</em></span> <span class='ocrx_word' id='word_1_33' title='bbox 741 809 851 887; x_wconf 75' lang='lat' dir='ltr'><em>priore</em></span> <span class='ocrx_word' id='word_1_34' title='bbox 879 809 975 871; x_wconf 88' lang='lat' dir='ltr'><em>ser-ibi</em></span> <span class='ocrx_word' id='word_1_35' title='bbox 1004 813 1145 888; x_wconf 69' lang='lat' dir='ltr'><em>courum</em></span> <span class='ocrx_word' id='word_1_36' title='bbox 1173 813 1203 872; x_wconf 90' lang='lat' dir='ltr'><em>et</em></span> <span class='ocrx_word' id='word_1_37' title='bbox 1228 807 1364 871; x_wconf 79' lang='lat' dir='ltr'><em>saemtlis</em></span> <span class='ocrx_word' id='word_1_38' title='bbox 1389 807 1490 871; x_wconf 89' lang='lat' dir='ltr'><em>XIII.</em></span> <span class='ocrx_word' id='word_1_39' title='bbox 1518 812 1548 870; x_wconf 89' lang='lat' dir='ltr'><em>ct</em></span> <span class='ocrx_word' id='word_1_40' title='bbox 1572 806 1668 870; x_wconf 87' lang='lat' dir='ltr'><em>XIV</em></span> <span class='ocrx_word' id='word_1_41' title='bbox 1691 807 1873 871; x_wconf 88' lang='lat' dir='ltr'><em>nominibus</em></span> 
     </span>
     <span class='ocr_line' id='line_1_5' title="bbox 214 910 1872 995; baseline -0.002 -17"><span class='ocrx_word' id='word_1_42' title='bbox 214 915 335 995; x_wconf 74' lang='lat' dir='ltr'><em>ullauot</em></span> <span class='ocrx_word' id='word_1_43' title='bbox 358 914 533 976; x_wconf 84' lang='lat' dir='ltr'><em>adrmctum</em></span> <span class='ocrx_word' id='word_1_44' title='bbox 555 933 628 976; x_wconf 88' lang='lat' dir='ltr'><em>esse.</em></span> <span class='ocrx_word' id='word_1_45' title='bbox 675 911 819 976; x_wconf 86' lang='lat' dir='ltr'><em>Dubium</em></span> <span class='ocrx_word' id='word_1_46' title='bbox 840 917 946 976; x_wconf 91' lang='lat' dir='ltr'><em>autem</em></span> <span class='ocrx_word' id='word_1_47' title='bbox 969 917 1022 989; x_wconf 93' lang='lat' dir='ltr'><em>est,</em></span> <span class='ocrx_word' id='word_1_48' title='bbox 1046 913 1090 974; x_wconf 89' lang='lat' dir='ltr'><em>ud</em></span> <span class='ocrx_word' id='word_1_49' title='bbox 1110 913 1196 993; x_wconf 88' lang='lat' dir='ltr'><em>quod</em></span> <span class='ocrx_word' id='word_1_50' title='bbox 1215 912 1442 976; x_wconf 82' lang='lat' dir='ltr'><em>mormsterium</em></span> <span class='ocrx_word' id='word_1_51' title='bbox 1464 910 1521 975; x_wconf 91' lang='lat' dir='ltr'><em>boc</em></span> <span class='ocrx_word' id='word_1_52' title='bbox 1542 911 1756 974; x_wconf 78' lang='lat' dir='ltr'><em>mortuarium</em></span> <span class='ocrx_word' id='word_1_53' title='bbox 1771 911 1872 991; x_wconf 81' lang='lat' dir='ltr'><em>pcrti-</em></span> 
     </span>
     <span class='ocr_line' id='line_1_6' title="bbox 214 1013 1873 1096; baseline -0.003 -15"><span class='ocrx_word' id='word_1_54' title='bbox 214 1020 330 1082; x_wconf 83' lang='lat' dir='ltr'><em>nuorit.</em></span> <span class='ocrx_word' id='word_1_55' title='bbox 386 1016 574 1082; x_wconf 77' lang='lat' dir='ltr'><em>Coniectura</em></span> <span class='ocrx_word' id='word_1_56' title='bbox 597 1015 773 1096; x_wconf 77' lang='lat' dir='ltr'><em>probabilis</em></span> <span class='ocrx_word' id='word_1_57' title='bbox 800 1015 939 1093; x_wconf 89' lang='lat' dir='ltr'><em>videtur,</em></span> <span class='ocrx_word' id='word_1_58' title='bbox 973 1016 1167 1079; x_wconf 80' lang='lat' dir='ltr'><em>Tscbrcdium</em></span> <span class='ocrx_word' id='word_1_59' title='bbox 1196 1015 1255 1078; x_wconf 89' lang='lat' dir='ltr'><em>bas</em></span> <span class='ocrx_word' id='word_1_60' title='bbox 1282 1019 1376 1078; x_wconf 91' lang='lat' dir='ltr'><em>notas</em></span> <span class='ocrx_word' id='word_1_61' title='bbox 1403 1036 1442 1079; x_wconf 75' lang='lat' dir='ltr'><em>ev</em></span> <span class='ocrx_word' id='word_1_62' title='bbox 1463 1013 1635 1096; x_wconf 75' lang='lat' dir='ltr'><em>necroloyio</em></span> <span class='ocrx_word' id='word_1_63' title='bbox 1658 1013 1873 1077; x_wconf 83' lang='lat' dir='ltr'><em>Einsiedlonsi</em></span> 
     </span>
     <span class='ocr_line' id='line_1_7' title="bbox 214 1109 1871 1201; baseline -0.004 -14"><span class='ocrx_word' id='word_1_64' title='bbox 214 1144 300 1187; x_wconf 79' lang='lat' dir='ltr'><em>nrcnc</em></span> <span class='ocrx_word' id='word_1_65' title='bbox 315 1123 432 1186; x_wconf 80' lang='lat' dir='ltr'><em>umis&#39;so</em></span> <span class='ocrx_word' id='word_1_66' title='bbox 448 1122 646 1201; x_wconf 75' lang='lat' dir='ltr'><em>evcerpsisse,</em></span> <span class='ocrx_word' id='word_1_67' title='bbox 669 1141 740 1184; x_wconf 91' lang='lat' dir='ltr'><em>cnm</em></span> <span class='ocrx_word' id='word_1_68' title='bbox 756 1124 785 1184; x_wconf 86' lang='lat' dir='ltr'><em>et</em></span> <span class='ocrx_word' id='word_1_69' title='bbox 800 1119 961 1200; x_wconf 74' lang='lat' dir='ltr'><em>cornpluru</em></span> <span class='ocrx_word' id='word_1_70' title='bbox 976 1121 1108 1183; x_wconf 91' lang='lat' dir='ltr'><em>nomina</em></span> <span class='ocrx_word' id='word_1_71' title='bbox 1122 1117 1281 1196; x_wconf 88' lang='lat' dir='ltr'><em>abbatum,</em></span> <span class='ocrx_word' id='word_1_72' title='bbox 1301 1119 1358 1200; x_wconf 85' lang='lat' dir='ltr'><em>qui</em></span> <span class='ocrx_word' id='word_1_73' title='bbox 1372 1119 1428 1182; x_wconf 90' lang='lat' dir='ltr'><em>boc</em></span> <span class='ocrx_word' id='word_1_74' title='bbox 1444 1109 1622 1183; x_wconf 85' lang='lat' dir='ltr'><em>coenobium</em></span> <span class='ocrx_word' id='word_1_75' title='bbox 1636 1117 1760 1181; x_wconf 76' lang='lat' dir='ltr'><em>sacmclo</em></span> <span class='ocrx_word' id='word_1_76' title='bbox 1774 1117 1871 1180; x_wconf 90' lang='lat' dir='ltr'><em>XIV.</em></span> 
     </span>
     <span class='ocr_line' id='line_1_8' title="bbox 214 1209 1873 1305; baseline -0.004 -15"><span class='ocrx_word' id='word_1_77' title='bbox 214 1231 378 1302; x_wconf 76' lang='lat' dir='ltr'><em>recerunt,</em></span> <span class='ocrx_word' id='word_1_78' title='bbox 408 1231 437 1288; x_wconf 92' lang='lat' dir='ltr'><em>et</em></span> <span class='ocrx_word' id='word_1_79' title='bbox 463 1209 558 1288; x_wconf 80' lang='lat' dir='ltr'><em>etiarir</em></span> <span class='ocrx_word' id='word_1_80' title='bbox 585 1224 653 1287; x_wconf 89' lang='lat' dir='ltr'><em>alia</em></span> <span class='ocrx_word' id='word_1_81' title='bbox 680 1225 826 1302; x_wconf 89' lang='lat' dir='ltr'><em>nomino,</em></span> <span class='ocrx_word' id='word_1_82' title='bbox 855 1245 937 1305; x_wconf 80' lang='lat' dir='ltr'><em>quac</em></span> <span class='ocrx_word' id='word_1_83' title='bbox 963 1225 1000 1287; x_wconf 81' lang='lat' dir='ltr'><em>ln</em></span> <span class='ocrx_word' id='word_1_84' title='bbox 1021 1224 1208 1305; x_wconf 73' lang='lat' dir='ltr'><em>fraanuntis</em></span> <span class='ocrx_word' id='word_1_85' title='bbox 1230 1223 1304 1287; x_wconf 84' lang='lat' dir='ltr'><em>libri</em></span> <span class='ocrx_word' id='word_1_86' title='bbox 1325 1223 1619 1286; x_wconf 77' lang='lat' dir='ltr'><em>anniversariorum</em></span> <span class='ocrx_word' id='word_1_87' title='bbox 1642 1220 1873 1286; x_wconf 85' lang='lat' dir='ltr'><em>Einsiedlensis</em></span> 
     </span>
     <span class='ocr_line' id='line_1_9' title="bbox 214 1325 1872 1415; baseline -0.003 -23"><span class='ocrx_word' id='word_1_88' title='bbox 214 1333 298 1415; x_wconf 69' lang='lat' dir='ltr'><em>(pao¹</em></span> <span class='ocrx_word' id='word_1_89' title='bbox 314 1331 395 1413; x_wconf 81' lang='lat'><em>358)</em></span> <span class='ocrx_word' id='word_1_90' title='bbox 417 1334 557 1404; x_wconf 77' lang='lat' dir='ltr'><em>vastant,</em></span> <span class='ocrx_word' id='word_1_91' title='bbox 586 1329 747 1408; x_wconf 68' lang='lat' dir='ltr'><em>recurarit,</em></span> <span class='ocrx_word' id='word_1_92' title='bbox 777 1327 832 1391; x_wconf 88' lang='lat' dir='ltr'><em>sed</em></span> <span class='ocrx_word' id='word_1_93' title='bbox 853 1329 889 1390; x_wconf 90' lang='lat' dir='ltr'><em>in</em></span> <span class='ocrx_word' id='word_1_94' title='bbox 911 1328 994 1392; x_wconf 87' lang='lat' dir='ltr'><em>banc</em></span> <span class='ocrx_word' id='word_1_95' title='bbox 1016 1329 1228 1392; x_wconf 87' lang='lat' dir='ltr'><em>coniecturam</em></span> <span class='ocrx_word' id='word_1_96' title='bbox 1250 1347 1314 1390; x_wconf 78' lang='lat' dir='ltr'><em>nort</em></span> <span class='ocrx_word' id='word_1_97' title='bbox 1335 1327 1491 1407; x_wconf 81' lang='lat' dir='ltr'><em>quadrat,</em></span> <span class='ocrx_word' id='word_1_98' title='bbox 1516 1325 1711 1389; x_wconf 85' lang='lat' dir='ltr'><em>I&#39;scbudium</em></span> <span class='ocrx_word' id='word_1_99' title='bbox 1733 1326 1770 1388; x_wconf 88' lang='lat' dir='ltr'><em>in</em></span> <span class='ocrx_word' id='word_1_100' title='bbox 1792 1345 1872 1387; x_wconf 91' lang='lat' dir='ltr'><em>com·</em></span> 
     </span>
     <span class='ocr_line' id='line_1_10' title="bbox 210 1427 1874 1515; baseline -0.004 -19"><span class='ocrx_word' id='word_1_101' title='bbox 210 1434 366 1514; x_wconf 66' lang='lat' dir='ltr'><em>rrilutione</em></span> <span class='ocrx_word' id='word_1_102' title='bbox 388 1455 449 1496; x_wconf 78' lang='lat' dir='ltr'><em>scca</em></span> <span class='ocrx_word' id='word_1_103' title='bbox 472 1433 558 1496; x_wconf 89' lang='lat' dir='ltr'><em>dicta</em></span> <span class='ocrx_word' id='word_1_104' title='bbox 580 1432 676 1496; x_wconf 90' lang='lat' dir='ltr'><em>Liber</em></span> <span class='ocrx_word' id='word_1_105' title='bbox 696 1432 826 1496; x_wconf 88' lang='lat' dir='ltr'><em>Heremi</em></span> <span class='ocrx_word' id='word_1_106' title='bbox 847 1432 1167 1515; x_wconf 81' lang='lat' dir='ltr'><em>(Gasclriebtsfreuud</em></span> <span class='ocrx_word' id='word_1_107' title='bbox 1188 1433 1244 1494; x_wconf 78' lang='lat' dir='ltr'><em>der</em></span> <span class='ocrx_word' id='word_1_108' title='bbox 1264 1430 1347 1512; x_wconf 80' lang='lat' dir='ltr'><em>situs</em></span> <span class='ocrx_word' id='word_1_109' title='bbox 1365 1429 1439 1494; x_wconf 85' lang='lat' dir='ltr'><em>Orte</em></span> <span class='ocrx_word' id='word_1_110' title='bbox 1461 1430 1489 1507; x_wconf 90' lang='lat' dir='ltr'><em>I,</em></span> <span class='ocrx_word' id='word_1_111' title='bbox 1506 1431 1549 1492; x_wconf 81' lang='lat'><em>93</em></span> <span class='ocrx_word' id='word_1_112' title='bbox 1563 1427 1615 1508; x_wconf 82' lang='lat' dir='ltr'><em>ff.)</em></span> <span class='ocrx_word' id='word_1_113' title='bbox 1635 1449 1801 1510; x_wconf 82' lang='lat' dir='ltr'><em>nunqnmn</em></span> <span class='ocrx_word' id='word_1_114' title='bbox 1823 1428 1874 1491; x_wconf 89' lang='lat' dir='ltr'><em>bis</em></span> 
     </span>
     <span class='ocr_line' id='line_1_11' title="bbox 214 1533 1873 1619; baseline -0.005 -16"><span class='ocrx_word' id='word_1_115' title='bbox 214 1540 299 1603; x_wconf 89' lang='lat' dir='ltr'><em>notis</em></span> <span class='ocrx_word' id='word_1_116' title='bbox 326 1559 421 1601; x_wconf 77' lang='lat' dir='ltr'><em>usim</em></span> <span class='ocrx_word' id='word_1_117' title='bbox 447 1559 520 1601; x_wconf 85' lang='lat' dir='ltr'><em>esse.</em></span> <span class='ocrx_word' id='word_1_118' title='bbox 572 1537 638 1601; x_wconf 87' lang='lat' dir='ltr'><em>Nec</em></span> <span class='ocrx_word' id='word_1_119' title='bbox 663 1539 772 1601; x_wconf 84' lang='lat' dir='ltr'><em>miuus</em></span> <span class='ocrx_word' id='word_1_120' title='bbox 801 1543 866 1601; x_wconf 89' lang='lat' dir='ltr'><em>tam</em></span> <span class='ocrx_word' id='word_1_121' title='bbox 893 1536 1102 1619; x_wconf 69' lang='lat' dir='ltr'><em>necroloyium</em></span> <span class='ocrx_word' id='word_1_122' title='bbox 1125 1536 1338 1612; x_wconf 87' lang='lat' dir='ltr'><em>Fabariense,</em></span> <span class='ocrx_word' id='word_1_123' title='bbox 1368 1555 1464 1616; x_wconf 81' lang='lat' dir='ltr'><em>quam</em></span> <span class='ocrx_word' id='word_1_124' title='bbox 1494 1533 1706 1598; x_wconf 88' lang='lat' dir='ltr'><em>mortuarium</em></span> <span class='ocrx_word' id='word_1_125' title='bbox 1736 1533 1873 1596; x_wconf 86' lang='lat' dir='ltr'><em>coenobii</em></span> 
     </span>
     <span class='ocr_line' id='line_1_12' title="bbox 214 1635 1873 1722; baseline -0.004 -17"><span class='ocrx_word' id='word_1_126' title='bbox 214 1641 520 1718; x_wconf 81' lang='lat' dir='ltr'><em>sanctimonialium,</em></span> <span class='ocrx_word' id='word_1_127' title='bbox 543 1642 628 1722; x_wconf 77' lang='lat' dir='ltr'><em>qrood</em></span> <span class='ocrx_word' id='word_1_128' title='bbox 649 1640 802 1706; x_wconf 81' lang='lat' dir='ltr'><em>Sebennis</em></span> <span class='ocrx_word' id='word_1_129' title='bbox 824 1641 959 1718; x_wconf 90' lang='lat' dir='ltr'><em>dicitur,</em></span> <span class='ocrx_word' id='word_1_130' title='bbox 982 1643 1019 1704; x_wconf 91' lang='lat' dir='ltr'><em>in</em></span> <span class='ocrx_word' id='word_1_131' title='bbox 1041 1640 1251 1720; x_wconf 64' lang='lat' dir='ltr'><em>mosynmonem</em></span> <span class='ocrx_word' id='word_1_132' title='bbox 1271 1639 1377 1702; x_wconf 89' lang='lat' dir='ltr'><em>venire</em></span> <span class='ocrx_word' id='word_1_133' title='bbox 1396 1642 1544 1718; x_wconf 77' lang='lat' dir='ltr'><em>possunt,</em></span> <span class='ocrx_word' id='word_1_134' title='bbox 1567 1637 1648 1718; x_wconf 82' lang='lat' dir='ltr'><em>quin</em></span> <span class='ocrx_word' id='word_1_135' title='bbox 1669 1657 1691 1698; x_wconf 93' lang='lat' dir='ltr'><em>a</em></span> <span class='ocrx_word' id='word_1_136' title='bbox 1715 1635 1873 1700; x_wconf 83' lang='lat' dir='ltr'><em>I&#39;scbndio</em></span> 
     </span>
     <span class='ocr_line' id='line_1_13' title="bbox 215 1745 629 1827; baseline -0.002 -18"><span class='ocrx_word' id='word_1_137' title='bbox 215 1769 254 1810; x_wconf 80' lang='lat' dir='ltr'><em>ev</em></span> <span class='ocrx_word' id='word_1_138' title='bbox 269 1751 366 1827; x_wconf 79' lang='lat' dir='ltr'><em>parte</em></span> <span class='ocrx_word' id='word_1_139' title='bbox 388 1745 533 1809; x_wconf 87' lang='lat' dir='ltr'><em>adbibita</em></span> <span class='ocrx_word' id='word_1_140' title='bbox 554 1745 629 1808; x_wconf 88' lang='lat' dir='ltr'><em>sint.</em></span> 
     </span>
    </p>
   </div>
   <div class='ocr_carea' id='block_1_3' title="bbox 209 1861 1876 3844">
    <p class='ocr_par' dir='ltr' id='par_1_3' title="bbox 209 1861 1876 2885">
     <span class='ocr_line' id='line_1_14' title="bbox 318 1861 1873 1944; baseline -0.005 -13"><span class='ocrx_word' id='word_1_141' title='bbox 318 1870 350 1932; x_wconf 83' lang='lat'><em>2.</em></span> <span class='ocrx_word' id='word_1_142' title='bbox 385 1868 426 1931; x_wconf 91' lang='lat' dir='ltr'><em>In</em></span> <span class='ocrx_word' id='word_1_143' title='bbox 448 1867 551 1930; x_wconf 88' lang='lat' dir='ltr'><em>codice</em></span> <span class='ocrx_word' id='word_1_144' title='bbox 573 1865 633 1930; x_wconf 89' lang='lat' dir='ltr'><em>Nr.</em></span> <span class='ocrx_word' id='word_1_145' title='bbox 649 1867 693 1930; x_wconf 77' lang='lat'><em>28</em></span> <span class='ocrx_word' id='word_1_146' title='bbox 715 1864 914 1929; x_wconf 62' lang='lat' dir='ltr'><em>bibliothecae</em></span> <span class='ocrx_word' id='word_1_147' title='bbox 936 1865 1095 1928; x_wconf 84' lang='lat' dir='ltr'><em>societatis</em></span> <span class='ocrx_word' id='word_1_148' title='bbox 1117 1864 1376 1944; x_wconf 83' lang='lat' dir='ltr'><em>antiquariorum</em></span> <span class='ocrx_word' id='word_1_149' title='bbox 1400 1861 1623 1926; x_wconf 85' lang='lat' dir='ltr'><em>Turiconsium</em></span> <span class='ocrx_word' id='word_1_150' title='bbox 1644 1861 1758 1942; x_wconf 83' lang='lat' dir='ltr'><em>folium</em></span> <span class='ocrx_word' id='word_1_151' title='bbox 1779 1883 1873 1925; x_wconf 86' lang='lat' dir='ltr'><em>mern·</em></span> 
     </span>
     <span class='ocr_line' id='line_1_15' title="bbox 215 1966 1872 2051; baseline -0.004 -15"><span class='ocrx_word' id='word_1_152' title='bbox 215 1974 415 2048; x_wconf 86' lang='lat' dir='ltr'><em>branaceum,</em></span> <span class='ocrx_word' id='word_1_153' title='bbox 438 1992 478 2034; x_wconf 81' lang='lat' dir='ltr'><em>ea</em></span> <span class='ocrx_word' id='word_1_154' title='bbox 498 1992 567 2034; x_wconf 92' lang='lat' dir='ltr'><em>una</em></span> <span class='ocrx_word' id='word_1_155' title='bbox 582 1975 679 2051; x_wconf 76' lang='lat' dir='ltr'><em>parte</em></span> <span class='ocrx_word' id='word_1_156' title='bbox 698 1969 787 2033; x_wconf 72' lang='lat' dir='ltr'><em>valete</em></span> <span class='ocrx_word' id='word_1_157' title='bbox 803 1969 962 2046; x_wconf 82' lang='lat' dir='ltr'><em>detritum,</em></span> <span class='ocrx_word' id='word_1_158' title='bbox 985 1967 1161 2050; x_wconf 75' lang='lat' dir='ltr'><em>nemolooii,</em></span> <span class='ocrx_word' id='word_1_159' title='bbox 1185 1967 1370 2048; x_wconf 77' lang='lat' dir='ltr'><em>quodcirca</em></span> <span class='ocrx_word' id='word_1_160' title='bbox 1384 1987 1507 2030; x_wconf 90' lang='lat' dir='ltr'><em>annum</em></span> <span class='ocrx_word' id='word_1_161' title='bbox 1522 1969 1607 2029; x_wconf 87' lang='lat'><em>1300</em></span> <span class='ocrx_word' id='word_1_162' title='bbox 1621 1966 1718 2030; x_wconf 83' lang='lat' dir='ltr'><em>scribi</em></span> <span class='ocrx_word' id='word_1_163' title='bbox 1732 1971 1872 2046; x_wconf 68' lang='lat' dir='ltr'><em>comitum</em></span> 
     </span>
     <span class='ocr_line' id='line_1_16' title="bbox 215 2069 1874 2150; baseline -0.004 -10"><span class='ocrx_word' id='word_1_164' title='bbox 215 2083 244 2140; x_wconf 85' lang='lat' dir='ltr'><em>et</em></span> <span class='ocrx_word' id='word_1_165' title='bbox 265 2076 401 2140; x_wconf 83' lang='lat' dir='ltr'><em>saeecclis</em></span> <span class='ocrx_word' id='word_1_166' title='bbox 425 2074 521 2140; x_wconf 90' lang='lat' dir='ltr'><em>XIV.</em></span> <span class='ocrx_word' id='word_1_167' title='bbox 544 2080 572 2138; x_wconf 87' lang='lat' dir='ltr'><em>ct</em></span> <span class='ocrx_word' id='word_1_168' title='bbox 593 2073 670 2138; x_wconf 92' lang='lat' dir='ltr'><em>XV.</em></span> <span class='ocrx_word' id='word_1_169' title='bbox 694 2075 780 2137; x_wconf 88' lang='lat' dir='ltr'><em>notis</em></span> <span class='ocrx_word' id='word_1_170' title='bbox 802 2073 914 2138; x_wconf 88' lang='lat' dir='ltr'><em>novis¹</em></span> <span class='ocrx_word' id='word_1_171' title='bbox 937 2079 1068 2136; x_wconf 90' lang='lat' dir='ltr'><em>auctum</em></span> <span class='ocrx_word' id='word_1_172' title='bbox 1090 2077 1150 2149; x_wconf 90' lang='lat' dir='ltr'><em>est,</em></span> <span class='ocrx_word' id='word_1_173' title='bbox 1173 2077 1364 2135; x_wconf 71' lang='lat' dir='ltr'><em>asservatur.</em></span> <span class='ocrx_word' id='word_1_174' title='bbox 1410 2069 1585 2134; x_wconf 87' lang='lat' dir='ltr'><em>Ecclesiam</em></span> <span class='ocrx_word' id='word_1_175' title='bbox 1606 2075 1726 2148; x_wconf 88' lang='lat' dir='ltr'><em>antem,</em></span> <span class='ocrx_word' id='word_1_176' title='bbox 1750 2092 1789 2134; x_wconf 82' lang='lat' dir='ltr'><em>cn</em></span> <span class='ocrx_word' id='word_1_177' title='bbox 1809 2091 1874 2150; x_wconf 83' lang='lat' dir='ltr'><em>qua</em></span> 
     </span>
     <span class='ocr_line' id='line_1_17' title="bbox 214 2173 1874 2261; baseline -0.004 -17"><span class='ocrx_word' id='word_1_178' title='bbox 214 2181 271 2244; x_wconf 87' lang='lat' dir='ltr'><em>boc</em></span> <span class='ocrx_word' id='word_1_179' title='bbox 292 2180 501 2261; x_wconf 73' lang='lat' dir='ltr'><em>noeroltoiurn</em></span> <span class='ocrx_word' id='word_1_180' title='bbox 522 2180 635 2256; x_wconf 86' lang='lat' dir='ltr'><em>oritur,</em></span> <span class='ocrx_word' id='word_1_181' title='bbox 658 2181 694 2242; x_wconf 88' lang='lat' dir='ltr'><em>in</em></span> <span class='ocrx_word' id='word_1_182' title='bbox 715 2179 839 2259; x_wconf 72' lang='lat' dir='ltr'><em>req-ione</em></span> <span class='ocrx_word' id='word_1_183' title='bbox 854 2177 944 2240; x_wconf 88' lang='lat' dir='ltr'><em>lacus</em></span> <span class='ocrx_word' id='word_1_184' title='bbox 960 2177 1143 2242; x_wconf 83' lang='lat' dir='ltr'><em>anicensis</em></span> <span class='ocrx_word' id='word_1_185' title='bbox 1157 2175 1332 2255; x_wconf 62' lang='lat' dir='ltr'><em>morter-ioris</em></span> <span class='ocrx_word' id='word_1_186' title='bbox 1346 2175 1512 2252; x_wconf 79' lang='lat' dir='ltr'><em>castilisse,</em></span> <span class='ocrx_word' id='word_1_187' title='bbox 1535 2173 1612 2252; x_wconf 86' lang='lat' dir='ltr'><em>loco,</em></span> <span class='ocrx_word' id='word_1_188' title='bbox 1634 2196 1716 2255; x_wconf 81' lang='lat' dir='ltr'><em>qroae</em></span> <span class='ocrx_word' id='word_1_189' title='bbox 1736 2175 1772 2239; x_wconf 88' lang='lat' dir='ltr'><em>in</em></span> <span class='ocrx_word' id='word_1_190' title='bbox 1786 2174 1874 2256; x_wconf 68' lang='lat' dir='ltr'><em>frao-</em></span> 
     </span>
     <span class='ocr_line' id='line_1_18' title="bbox 214 2279 1873 2365; baseline -0.003 -17"><span class='ocrx_word' id='word_1_191' title='bbox 214 2287 329 2348; x_wconf 87' lang='lat' dir='ltr'><em>mentis</em></span> <span class='ocrx_word' id='word_1_192' title='bbox 343 2286 412 2348; x_wconf 73' lang='lat' dir='ltr'><em>einis</em></span> <span class='ocrx_word' id='word_1_193' title='bbox 426 2288 606 2360; x_wconf 87' lang='lat' dir='ltr'><em>occurrunt,</em></span> <span class='ocrx_word' id='word_1_194' title='bbox 624 2285 771 2363; x_wconf 74' lang='lat' dir='ltr'><em>probant.</em></span> <span class='ocrx_word' id='word_1_195' title='bbox 815 2284 906 2365; x_wconf 78' lang='lat' dir='ltr'><em>Qrmd</em></span> <span class='ocrx_word' id='word_1_196' title='bbox 919 2285 1146 2347; x_wconf 88' lang='lat' dir='ltr'><em>monasterium</em></span> <span class='ocrx_word' id='word_1_197' title='bbox 1164 2281 1340 2346; x_wconf 77' lang='lat' dir='ltr'><em>Ibittinense</em></span> <span class='ocrx_word' id='word_1_198' title='bbox 1360 2281 1484 2344; x_wconf 81' lang='lat' dir='ltr'><em>ordinis</em></span> <span class='ocrx_word' id='word_1_199' title='bbox 1503 2279 1873 2356; x_wconf 72' lang='lat' dir='ltr'><em>Praernonstratuusium,</em></span> 
     </span>
     <span class='ocr_line' id='line_1_19' title="bbox 215 2383 1875 2469; baseline -0.004 -17"><span class='ocrx_word' id='word_1_200' title='bbox 215 2391 310 2453; x_wconf 76' lang='lat' dir='ltr'><em>inmte</em></span> <span class='ocrx_word' id='word_1_201' title='bbox 332 2389 482 2469; x_wconf 69' lang='lat' dir='ltr'><em>mundatur</em></span> <span class='ocrx_word' id='word_1_202' title='bbox 498 2387 800 2467; x_wconf 64' lang='lat' dir='ltr'><em>Ramrmsuilanurn</em></span> <span class='ocrx_word' id='word_1_203' title='bbox 822 2386 947 2451; x_wconf 86' lang='lat' dir='ltr'><em>sacculo</em></span> <span class='ocrx_word' id='word_1_204' title='bbox 964 2387 1066 2451; x_wconf 91' lang='lat' dir='ltr'><em>XIII.</em></span> <span class='ocrx_word' id='word_1_205' title='bbox 1090 2407 1112 2450; x_wconf 89' lang='lat' dir='ltr'><em>a</em></span> <span class='ocrx_word' id='word_1_206' title='bbox 1134 2385 1299 2450; x_wconf 82' lang='lat' dir='ltr'><em>evantibus</em></span> <span class='ocrx_word' id='word_1_207' title='bbox 1321 2385 1358 2448; x_wconf 81' lang='lat' dir='ltr'><em>de</em></span> <span class='ocrx_word' id='word_1_208' title='bbox 1374 2383 1574 2465; x_wconf 65' lang='lat' dir='ltr'><em>Rarmersuil</em></span> <span class='ocrx_word' id='word_1_209' title='bbox 1595 2385 1756 2448; x_wconf 74' lang='lat' dir='ltr'><em>emmdrcm</em></span> <span class='ocrx_word' id='word_1_210' title='bbox 1773 2384 1875 2464; x_wconf 83' lang='lat' dir='ltr'><em>fuisse</em></span> 
     </span>
     <span class='ocr_line' id='line_1_20' title="bbox 209 2487 1874 2574; baseline -0.002 -18"><span class='ocrx_word' id='word_1_211' title='bbox 209 2500 306 2574; x_wconf 70' lang='lat' dir='ltr'><em>mito,</em></span> <span class='ocrx_word' id='word_1_212' title='bbox 338 2515 410 2556; x_wconf 82' lang='lat' dir='ltr'><em>curn</em></span> <span class='ocrx_word' id='word_1_213' title='bbox 438 2493 486 2554; x_wconf 89' lang='lat' dir='ltr'><em>vir</em></span> <span class='ocrx_word' id='word_1_214' title='bbox 513 2492 628 2571; x_wconf 79' lang='lat' dir='ltr'><em>optime</em></span> <span class='ocrx_word' id='word_1_215' title='bbox 655 2491 787 2554; x_wconf 78' lang='lat' dir='ltr'><em>aceritus</em></span> <span class='ocrx_word' id='word_1_216' title='bbox 809 2491 1040 2555; x_wconf 85' lang='lat' dir='ltr'><em>Fordinondus</em></span> <span class='ocrx_word' id='word_1_217' title='bbox 1063 2489 1172 2554; x_wconf 80' lang='lat' dir='ltr'><em>Keller</em></span> <span class='ocrx_word' id='word_1_218' title='bbox 1196 2488 1311 2570; x_wconf 85' lang='lat' dir='ltr'><em>sol-ium</em></span> <span class='ocrx_word' id='word_1_219' title='bbox 1335 2489 1434 2552; x_wconf 86' lang='lat' dir='ltr'><em>buius</em></span> <span class='ocrx_word' id='word_1_220' title='bbox 1454 2487 1634 2570; x_wconf 72' lang='lat' dir='ltr'><em>necroloyii,</em></span> <span class='ocrx_word' id='word_1_221' title='bbox 1664 2488 1748 2568; x_wconf 81' lang='lat' dir='ltr'><em>quod</em></span> <span class='ocrx_word' id='word_1_222' title='bbox 1774 2487 1874 2552; x_wconf 89' lang='lat' dir='ltr'><em>solum</em></span> 
     </span>
     <span class='ocr_line' id='line_1_21' title="bbox 214 2589 1875 2675; baseline -0.004 -15"><span class='ocrx_word' id='word_1_223' title='bbox 214 2603 323 2674; x_wconf 88' lang='lat' dir='ltr'><em>restat,</em></span> <span class='ocrx_word' id='word_1_224' title='bbox 345 2598 385 2660; x_wconf 91' lang='lat' dir='ltr'><em>ab</em></span> <span class='ocrx_word' id='word_1_225' title='bbox 407 2597 511 2660; x_wconf 88' lang='lat' dir='ltr'><em>indice</em></span> <span class='ocrx_word' id='word_1_226' title='bbox 535 2616 685 2659; x_wconf 87' lang='lat' dir='ltr'><em>censuum</em></span> <span class='ocrx_word' id='word_1_227' title='bbox 705 2597 742 2659; x_wconf 89' lang='lat' dir='ltr'><em>in</em></span> <span class='ocrx_word' id='word_1_228' title='bbox 757 2593 916 2660; x_wconf 91' lang='lat' dir='ltr'><em>tabulario</em></span> <span class='ocrx_word' id='word_1_229' title='bbox 931 2593 1122 2675; x_wconf 64' lang='lat' dir='ltr'><em>rubrublicac</em></span> <span class='ocrx_word' id='word_1_230' title='bbox 1139 2593 1324 2657; x_wconf 81' lang='lat' dir='ltr'><em>Turicensis</em></span> <span class='ocrx_word' id='word_1_231' title='bbox 1338 2593 1474 2672; x_wconf 76' lang='lat' dir='ltr'><em>reposito</em></span> <span class='ocrx_word' id='word_1_232' title='bbox 1488 2591 1622 2656; x_wconf 88' lang='lat' dir='ltr'><em>solverit.</em></span> <span class='ocrx_word' id='word_1_233' title='bbox 1674 2590 1763 2657; x_wconf 87' lang='lat' dir='ltr'><em>Unde</em></span> <span class='ocrx_word' id='word_1_234' title='bbox 1778 2589 1875 2656; x_wconf 87' lang='lat' dir='ltr'><em>elucet</em></span> 
     </span>
     <span class='ocr_line' id='line_1_22' title="bbox 214 2693 1876 2781; baseline -0.004 -17"><span class='ocrx_word' id='word_1_235' title='bbox 214 2701 389 2778; x_wconf 84' lang='lat' dir='ltr'><em>ecelesiam,</em></span> <span class='ocrx_word' id='word_1_236' title='bbox 419 2701 463 2763; x_wconf 91' lang='lat' dir='ltr'><em>ad</em></span> <span class='ocrx_word' id='word_1_237' title='bbox 483 2719 579 2780; x_wconf 80' lang='lat' dir='ltr'><em>quum</em></span> <span class='ocrx_word' id='word_1_238' title='bbox 601 2699 810 2781; x_wconf 73' lang='lat' dir='ltr'><em>necroloqium</em></span> <span class='ocrx_word' id='word_1_239' title='bbox 832 2701 997 2780; x_wconf 78' lang='lat' dir='ltr'><em>spectavit,</em></span> <span class='ocrx_word' id='word_1_240' title='bbox 1027 2699 1061 2762; x_wconf 91' lang='lat' dir='ltr'><em>in</em></span> <span class='ocrx_word' id='word_1_241' title='bbox 1084 2699 1204 2763; x_wconf 88' lang='lat' dir='ltr'><em>ditione</em></span> <span class='ocrx_word' id='word_1_242' title='bbox 1228 2697 1395 2761; x_wconf 59' lang='lat' dir='ltr'><em>Tur⁴ieensi</em></span> <span class='ocrx_word' id='word_1_243' title='bbox 1416 2695 1531 2775; x_wconf 79' lang='lat' dir='ltr'><em>fnisse,</em></span> <span class='ocrx_word' id='word_1_244' title='bbox 1561 2696 1615 2760; x_wconf 85' lang='lat' dir='ltr'><em>cni</em></span> <span class='ocrx_word' id='word_1_245' title='bbox 1636 2695 1762 2759; x_wconf 87' lang='lat' dir='ltr'><em>nullum</em></span> <span class='ocrx_word' id='word_1_246' title='bbox 1782 2693 1876 2760; x_wconf 86' lang='lat' dir='ltr'><em>uliud</em></span> 
     </span>
     <span class='ocr_line' id='line_1_23' title="bbox 215 2802 868 2885; baseline -0.003 -16"><span class='ocrx_word' id='word_1_247' title='bbox 215 2806 443 2869; x_wconf 77' lang='lat' dir='ltr'><em>nomiasterium</em></span> <span class='ocrx_word' id='word_1_248' title='bbox 466 2805 501 2867; x_wconf 87' lang='lat' dir='ltr'><em>in</em></span> <span class='ocrx_word' id='word_1_249' title='bbox 522 2804 646 2885; x_wconf 69' lang='lat' dir='ltr'><em>rectane</em></span> <span class='ocrx_word' id='word_1_250' title='bbox 668 2802 726 2866; x_wconf 89' lang='lat' dir='ltr'><em>illa</em></span> <span class='ocrx_word' id='word_1_251' title='bbox 741 2804 868 2884; x_wconf 77' lang='lat' dir='ltr'><em>paruit.</em></span> 
     </span>
    </p>

    <p class='ocr_par' dir='ltr' id='par_1_4' title="bbox 213 2919 1876 3844">
     <span class='ocr_line' id='line_1_24' title="bbox 318 2919 1874 3005; baseline -0.003 -19"><span class='ocrx_word' id='word_1_252' title='bbox 318 2931 348 2990; x_wconf 84' lang='lat'><em>3.</em></span> <span class='ocrx_word' id='word_1_253' title='bbox 384 2926 426 2989; x_wconf 91' lang='lat' dir='ltr'><em>In</em></span> <span class='ocrx_word' id='word_1_254' title='bbox 458 2925 562 2990; x_wconf 89' lang='lat' dir='ltr'><em>eodem</em></span> <span class='ocrx_word' id='word_1_255' title='bbox 596 2925 699 2989; x_wconf 87' lang='lat' dir='ltr'><em>codice</em></span> <span class='ocrx_word' id='word_1_256' title='bbox 733 2925 793 2989; x_wconf 89' lang='lat' dir='ltr'><em>Nr.</em></span> <span class='ocrx_word' id='word_1_257' title='bbox 820 2927 864 2989; x_wconf 79' lang='lat'><em>28</em></span> <span class='ocrx_word' id='word_1_258' title='bbox 897 2926 992 2988; x_wconf 85' lang='lat' dir='ltr'><em>etiarn</em></span> <span class='ocrx_word' id='word_1_259' title='bbox 1024 2923 1137 3005; x_wconf 78' lang='lat' dir='ltr'><em>folium</em></span> <span class='ocrx_word' id='word_1_260' title='bbox 1170 2922 1440 2986; x_wconf 85' lang='lat' dir='ltr'><em>menobranaceum</em></span> <span class='ocrx_word' id='word_1_261' title='bbox 1473 2919 1548 2983; x_wconf 83' lang='lat' dir='ltr'><em>libri</em></span> <span class='ocrx_word' id='word_1_262' title='bbox 1580 2919 1874 2984; x_wconf 87' lang='lat' dir='ltr'><em>anniversariorum</em></span> 
     </span>
     <span class='ocr_line' id='line_1_25' title="bbox 213 3021 1876 3110; baseline -0.005 -15"><span class='ocrx_word' id='word_1_263' title='bbox 213 3030 339 3095; x_wconf 73' lang='lat' dir='ltr'><em>saverrio</em></span> <span class='ocrx_word' id='word_1_264' title='bbox 364 3028 460 3094; x_wconf 89' lang='lat' dir='ltr'><em>XIV.</em></span> <span class='ocrx_word' id='word_1_265' title='bbox 492 3029 621 3092; x_wconf 78' lang='lat' dir='ltr'><em>irmunte</em></span> <span class='ocrx_word' id='word_1_266' title='bbox 648 3029 761 3109; x_wconf 77' lang='lat' dir='ltr'><em>scripti</em></span> <span class='ocrx_word' id='word_1_267' title='bbox 788 3034 945 3110; x_wconf 75' lang='lat' dir='ltr'><em>superest,</em></span> <span class='ocrx_word' id='word_1_268' title='bbox 975 3049 1067 3110; x_wconf 82' lang='lat' dir='ltr'><em>quem</em></span> <span class='ocrx_word' id='word_1_269' title='bbox 1094 3031 1130 3090; x_wconf 88' lang='lat' dir='ltr'><em>in</em></span> <span class='ocrx_word' id='word_1_270' title='bbox 1156 3027 1276 3090; x_wconf 82' lang='lat' dir='ltr'><em>vicima</em></span> <span class='ocrx_word' id='word_1_271' title='bbox 1302 3025 1412 3106; x_wconf 71' lang='lat' dir='ltr'><em>mnndi</em></span> <span class='ocrx_word' id='word_1_272' title='bbox 1434 3024 1525 3090; x_wconf 81' lang='lat' dir='ltr'><em>Steiu</em></span> <span class='ocrx_word' id='word_1_273' title='bbox 1546 3043 1647 3103; x_wconf 80' lang='lat' dir='ltr'><em>propo</em></span> <span class='ocrx_word' id='word_1_274' title='bbox 1669 3022 1787 3100; x_wconf 73' lang='lat' dir='ltr'><em>mcum,</em></span> <span class='ocrx_word' id='word_1_275' title='bbox 1820 3021 1876 3086; x_wconf 88' lang='lat' dir='ltr'><em>ubi</em></span> 
     </span>
     <span class='ocr_line' id='line_1_26' title="bbox 215 3126 1874 3213; baseline -0.006 -14"><span class='ocrx_word' id='word_1_276' title='bbox 215 3136 348 3199; x_wconf 85' lang='lat' dir='ltr'><em>Rbonus</em></span> <span class='ocrx_word' id='word_1_277' title='bbox 376 3156 414 3198; x_wconf 80' lang='lat' dir='ltr'><em>ev</em></span> <span class='ocrx_word' id='word_1_278' title='bbox 443 3133 516 3197; x_wconf 88' lang='lat' dir='ltr'><em>lacu</em></span> <span class='ocrx_word' id='word_1_279' title='bbox 543 3131 718 3197; x_wconf 87' lang='lat' dir='ltr'><em>Bodarnico</em></span> <span class='ocrx_word' id='word_1_280' title='bbox 746 3133 903 3213; x_wconf 66' lang='lat' dir='ltr'><em>Inferiore</em></span> <span class='ocrx_word' id='word_1_281' title='bbox 934 3133 1015 3209; x_wconf 82' lang='lat' dir='ltr'><em>evit,</em></span> <span class='ocrx_word' id='word_1_282' title='bbox 1045 3132 1102 3194; x_wconf 89' lang='lat' dir='ltr'><em>siti</em></span> <span class='ocrx_word' id='word_1_283' title='bbox 1130 3132 1285 3210; x_wconf 63' lang='lat' dir='ltr'><em>scribtum</em></span> <span class='ocrx_word' id='word_1_284' title='bbox 1316 3149 1381 3192; x_wconf 90' lang='lat' dir='ltr'><em>esse</em></span> <span class='ocrx_word' id='word_1_285' title='bbox 1410 3129 1554 3205; x_wconf 90' lang='lat' dir='ltr'><em>nomina,</em></span> <span class='ocrx_word' id='word_1_286' title='bbox 1586 3147 1667 3207; x_wconf 82' lang='lat' dir='ltr'><em>quae</em></span> <span class='ocrx_word' id='word_1_287' title='bbox 1696 3127 1732 3191; x_wconf 89' lang='lat' dir='ltr'><em>in</em></span> <span class='ocrx_word' id='word_1_288' title='bbox 1760 3147 1794 3189; x_wconf 89' lang='lat' dir='ltr'><em>eo</em></span> <span class='ocrx_word' id='word_1_289' title='bbox 1823 3126 1874 3190; x_wconf 91' lang='lat' dir='ltr'><em>in·</em></span> 
     </span>
     <span class='ocr_line' id='line_1_27' title="bbox 214 3229 1873 3319; baseline -0.007 -15"><span class='ocrx_word' id='word_1_290' title='bbox 214 3242 400 3317; x_wconf 81' lang='lat' dir='ltr'><em>veniuntur,</em></span> <span class='ocrx_word' id='word_1_291' title='bbox 429 3240 501 3319; x_wconf 65' lang='lat' dir='ltr'><em>ursa</em></span> <span class='ocrx_word' id='word_1_292' title='bbox 529 3239 752 3301; x_wconf 32' lang='lat' dir='ltr'><em>unisonarum.</em></span> <span class='ocrx_word' id='word_1_293' title='bbox 810 3235 889 3302; x_wconf 81' lang='lat' dir='ltr'><em>Cum</em></span> <span class='ocrx_word' id='word_1_294' title='bbox 911 3238 947 3300; x_wconf 91' lang='lat' dir='ltr'><em>in</em></span> <span class='ocrx_word' id='word_1_295' title='bbox 969 3237 1034 3298; x_wconf 89' lang='lat' dir='ltr'><em>ista</em></span> <span class='ocrx_word' id='word_1_296' title='bbox 1055 3235 1178 3317; x_wconf 70' lang='lat' dir='ltr'><em>racione</em></span> <span class='ocrx_word' id='word_1_297' title='bbox 1201 3234 1264 3297; x_wconf 91' lang='lat' dir='ltr'><em>duo</em></span> <span class='ocrx_word' id='word_1_298' title='bbox 1286 3233 1479 3297; x_wconf 82' lang='lat' dir='ltr'><em>monasteria</em></span> <span class='ocrx_word' id='word_1_299' title='bbox 1501 3231 1626 3296; x_wconf 89' lang='lat' dir='ltr'><em>ordinis</em></span> <span class='ocrx_word' id='word_1_300' title='bbox 1646 3251 1672 3293; x_wconf 88' lang='lat' dir='ltr'><em>s.</em></span> <span class='ocrx_word' id='word_1_301' title='bbox 1696 3229 1873 3306; x_wconf 80' lang='lat' dir='ltr'><em>Benedicti,</em></span> 
     </span>
     <span class='ocr_line' id='line_1_28' title="bbox 214 3333 1875 3424; baseline -0.006 -17"><span class='ocrx_word' id='word_1_302' title='bbox 214 3344 349 3407; x_wconf 80' lang='lat' dir='ltr'><em>alimum</em></span> <span class='ocrx_word' id='word_1_303' title='bbox 365 3345 399 3406; x_wconf 89' lang='lat' dir='ltr'><em>in</em></span> <span class='ocrx_word' id='word_1_304' title='bbox 416 3342 530 3423; x_wconf 55' lang='lat' dir='ltr'><em>offundo</em></span> <span class='ocrx_word' id='word_1_305' title='bbox 543 3341 631 3406; x_wconf 85' lang='lat' dir='ltr'><em>Steiu</em></span> <span class='ocrx_word' id='word_1_306' title='bbox 646 3344 724 3424; x_wconf 75' lang='lat' dir='ltr'><em>ipso,</em></span> <span class='ocrx_word' id='word_1_307' title='bbox 742 3342 877 3406; x_wconf 81' lang='lat' dir='ltr'><em>alterum</em></span> <span class='ocrx_word' id='word_1_308' title='bbox 894 3342 929 3405; x_wconf 93' lang='lat' dir='ltr'><em>in</em></span> <span class='ocrx_word' id='word_1_309' title='bbox 945 3341 1009 3405; x_wconf 91' lang='lat' dir='ltr'><em>loco</em></span> <span class='ocrx_word' id='word_1_310' title='bbox 1026 3340 1268 3421; x_wconf 74' lang='lat' dir='ltr'><em>Waqenbausen</em></span> <span class='ocrx_word' id='word_1_311' title='bbox 1283 3339 1419 3420; x_wconf 68' lang='lat' dir='ltr'><em>ravionis</em></span> <span class='ocrx_word' id='word_1_312' title='bbox 1434 3333 1683 3419; x_wconf 69' lang='lat' dir='ltr'><em>I&#39;bu-raoviensis¹</em></span> <span class='ocrx_word' id='word_1_313' title='bbox 1696 3335 1875 3414; x_wconf 75' lang='lat' dir='ltr'><em>timuerint,</em></span> 
     </span>
     <span class='ocr_line' id='line_1_29' title="bbox 213 3439 1873 3528; baseline -0.006 -16"><span class='ocrx_word' id='word_1_314' title='bbox 213 3447 422 3528; x_wconf 75' lang='lat' dir='ltr'><em>maroloyium</em></span> <span class='ocrx_word' id='word_1_315' title='bbox 444 3467 508 3510; x_wconf 78' lang='lat' dir='ltr'><em>reon</em></span> <span class='ocrx_word' id='word_1_316' title='bbox 531 3448 566 3510; x_wconf 92' lang='lat' dir='ltr'><em>iu</em></span> <span class='ocrx_word' id='word_1_317' title='bbox 586 3446 835 3528; x_wconf 63' lang='lat' dir='ltr'><em>libanenbarosen,</em></span> <span class='ocrx_word' id='word_1_318' title='bbox 858 3445 913 3508; x_wconf 90' lang='lat' dir='ltr'><em>scd</em></span> <span class='ocrx_word' id='word_1_319' title='bbox 934 3446 971 3508; x_wconf 88' lang='lat' dir='ltr'><em>in</em></span> <span class='ocrx_word' id='word_1_320' title='bbox 993 3445 1135 3508; x_wconf 86' lang='lat' dir='ltr'><em>coenobio</em></span> <span class='ocrx_word' id='word_1_321' title='bbox 1151 3443 1311 3508; x_wconf 86' lang='lat' dir='ltr'><em>Steinense</em></span> <span class='ocrx_word' id='word_1_322' title='bbox 1332 3444 1485 3523; x_wconf 59' lang='lat' dir='ltr'><em>scribtum</em></span> <span class='ocrx_word' id='word_1_323' title='bbox 1507 3462 1572 3504; x_wconf 84' lang='lat' dir='ltr'><em>esse</em></span> <span class='ocrx_word' id='word_1_324' title='bbox 1591 3439 1671 3504; x_wconf 91' lang='lat' dir='ltr'><em>mibi</em></span> <span class='ocrx_word' id='word_1_325' title='bbox 1679 3459 1873 3521; x_wconf 79' lang='lat' dir='ltr'><em>persicasnm</em></span> 
     </span>
     <span class='ocr_line' id='line_1_30' title="bbox 215 3543 1875 3634; baseline -0.006 -18"><span class='ocrx_word' id='word_1_326' title='bbox 215 3559 269 3631; x_wconf 91' lang='lat' dir='ltr'><em>est,</em></span> <span class='ocrx_word' id='word_1_327' title='bbox 292 3554 369 3634; x_wconf 83' lang='lat' dir='ltr'><em>quia</em></span> <span class='ocrx_word' id='word_1_328' title='bbox 384 3552 614 3616; x_wconf 85' lang='lat' dir='ltr'><em>Fordinandus</em></span> <span class='ocrx_word' id='word_1_329' title='bbox 627 3550 736 3615; x_wconf 86' lang='lat' dir='ltr'><em>Keller</em></span> <span class='ocrx_word' id='word_1_330' title='bbox 756 3551 871 3632; x_wconf 86' lang='lat' dir='ltr'><em>solium</em></span> <span class='ocrx_word' id='word_1_331' title='bbox 894 3549 975 3613; x_wconf 85' lang='lat' dir='ltr'><em>illud</em></span> <span class='ocrx_word' id='word_1_332' title='bbox 996 3554 1025 3613; x_wconf 88' lang='lat' dir='ltr'><em>et</em></span> <span class='ocrx_word' id='word_1_333' title='bbox 1048 3550 1153 3630; x_wconf 71' lang='lat' dir='ltr'><em>lumem</em></span> <span class='ocrx_word' id='word_1_334' title='bbox 1175 3548 1215 3612; x_wconf 91' lang='lat' dir='ltr'><em>ab</em></span> <span class='ocrx_word' id='word_1_335' title='bbox 1236 3547 1340 3611; x_wconf 87' lang='lat' dir='ltr'><em>iudice</em></span> <span class='ocrx_word' id='word_1_336' title='bbox 1355 3565 1506 3610; x_wconf 89' lang='lat' dir='ltr'><em>censuum</em></span> <span class='ocrx_word' id='word_1_337' title='bbox 1522 3543 1677 3606; x_wconf 84' lang='lat' dir='ltr'><em>tabulari-i</em></span> <span class='ocrx_word' id='word_1_338' title='bbox 1691 3543 1875 3607; x_wconf 80' lang='lat' dir='ltr'><em>Turicensis</em></span> 
     </span>
     <span class='ocr_line' id='line_1_31' title="bbox 215 3645 1873 3732; baseline -0.007 -11"><span class='ocrx_word' id='word_1_339' title='bbox 215 3657 355 3732; x_wconf 86' lang='lat' dir='ltr'><em>obsolvit,</em></span> <span class='ocrx_word' id='word_1_340' title='bbox 370 3662 400 3719; x_wconf 90' lang='lat' dir='ltr'><em>et</em></span> <span class='ocrx_word' id='word_1_341' title='bbox 414 3657 592 3720; x_wconf 89' lang='lat' dir='ltr'><em>coenobium</em></span> <span class='ocrx_word' id='word_1_342' title='bbox 605 3661 730 3720; x_wconf 90' lang='lat' dir='ltr'><em>tantum</em></span> <span class='ocrx_word' id='word_1_343' title='bbox 742 3655 839 3730; x_wconf 86' lang='lat' dir='ltr'><em>Stein,</em></span> <span class='ocrx_word' id='word_1_344' title='bbox 855 3674 920 3717; x_wconf 89' lang='lat' dir='ltr'><em>non</em></span> <span class='ocrx_word' id='word_1_345' title='bbox 933 3653 1160 3716; x_wconf 89' lang='lat' dir='ltr'><em>monasterium</em></span> <span class='ocrx_word' id='word_1_346' title='bbox 1176 3651 1428 3732; x_wconf 67' lang='lat' dir='ltr'><em>Waqenbusense</em></span> <span class='ocrx_word' id='word_1_347' title='bbox 1443 3646 1629 3712; x_wconf 83' lang='lat' dir='ltr'><em>Turicenses</em></span> <span class='ocrx_word' id='word_1_348' title='bbox 1640 3645 1764 3710; x_wconf 86' lang='lat' dir='ltr'><em>sacculo</em></span> <span class='ocrx_word' id='word_1_349' title='bbox 1777 3647 1873 3711; x_wconf 91' lang='lat' dir='ltr'><em>XVI.</em></span> 
     </span>
     <span class='ocr_line' id='line_1_32' title="bbox 215 3765 467 3844; baseline -0.012 -17"><span class='ocrx_word' id='word_1_350' title='bbox 215 3765 467 3844; x_wconf 63' lang='lat' dir='ltr'><em>evacuaverant.</em></span> 
     </span>
    </p>
   </div>
   <div class='ocr_carea' id='block_1_4' title="bbox 1033 3918 1060 3979">
    <p class='ocr_par' dir='ltr' id='par_1_5' title="bbox 1033 3918 1060 3979">
     <span class='ocr_line' id='line_1_33' title="bbox 1033 3918 1060 3979; baseline 0.111 -3"><span class='ocrx_word' id='word_1_351' title='bbox 1033 3918 1060 3979; x_wconf 89' lang='lat'><em>1.</em></span> 
     </span>
    </p>
   </div>
   <div class='ocr_carea' id='block_1_5' title="bbox 903 4071 1181 4148">
    <p class='ocr_par' dir='ltr' id='par_1_6' title="bbox 903 4071 1181 4148">
     <span class='ocr_line' id='line_1_34' title="bbox 903 4071 1181 4148; baseline -0.011 0"><span class='ocrx_word' id='word_1_352' title='bbox 903 4071 1181 4148; x_wconf 81' lang='lat' dir='ltr'><em>IANUARIUS.</em></span> 
     </span>
    </p>
   </div>
   <div class='ocr_carea' id='block_1_6' title="bbox 215 4204 1824 5021">
    <p class='ocr_par' dir='ltr' id='par_1_7' title="bbox 234 4204 1002 4295">
     <span class='ocr_line' id='line_1_35' title="bbox 234 4204 1002 4295; baseline 0.003 -24"><span class='ocrx_word' id='word_1_353' title='bbox 234 4219 257 4272; x_wconf 87' lang='grc'><em>7.</em></span> <span class='ocrx_word' id='word_1_354' title='bbox 277 4209 278 4214; x_wconf 73' lang='grc'>’</span> <span class='ocrx_word' id='word_1_355' title='bbox 316 4217 369 4271; x_wconf 88' lang='lat' dir='ltr'><em>VII</em></span> <span class='ocrx_word' id='word_1_356' title='bbox 387 4217 423 4270; x_wconf 88' lang='lat' dir='ltr'><em>id.</em></span> <span class='ocrx_word' id='word_1_357' title='bbox 477 4207 656 4295; x_wconf 82' lang='lat' dir='ltr'><em>Tiepaldus</em></span> <span class='ocrx_word' id='word_1_358' title='bbox 680 4207 755 4272; x_wconf 81' lang='lat' dir='ltr'><em>abb.</em></span> <span class='ocrx_word' id='word_1_359' title='bbox 780 4206 813 4272; x_wconf 82' lang='lat' dir='ltr'><em>S.</em></span> <span class='ocrx_word' id='word_1_360' title='bbox 838 4204 925 4271; x_wconf 81' lang='lat' dir='ltr'><em>Galli</em></span> <span class='ocrx_word' id='word_1_361' title='bbox 948 4207 1002 4273; x_wconf 93' lang='lat' dir='ltr'><em>ob.</em></span> 
     </span>
    </p>

    <p class='ocr_par' dir='ltr' id='par_1_8' title="bbox 217 4309 1089 4378">
     <span class='ocr_line' id='line_1_36' title="bbox 217 4309 1089 4378; baseline -0.005 0"><span class='ocrx_word' id='word_1_362' title='bbox 217 4324 257 4378; x_wconf 87' lang='grc'><em>13.</em></span> <span class='ocrx_word' id='word_1_363' title='bbox 385 4320 422 4374; x_wconf 74' lang='lat' dir='ltr'><em>io</em></span> <span class='ocrx_word' id='word_1_364' title='bbox 477 4313 681 4378; x_wconf 85' lang='lat' dir='ltr'><em>Wernherus</em></span> <span class='ocrx_word' id='word_1_365' title='bbox 705 4311 779 4378; x_wconf 85' lang='lat' dir='ltr'><em>abb.</em></span> <span class='ocrx_word' id='word_1_366' title='bbox 803 4310 1013 4375; x_wconf 80' lang='lat' dir='ltr'><em>Fabariensis</em></span> <span class='ocrx_word' id='word_1_367' title='bbox 1036 4309 1089 4375; x_wconf 90' lang='lat' dir='ltr'><em>ob.</em></span> 
     </span>
    </p>

    <p class='ocr_par' dir='ltr' id='par_1_9' title="bbox 218 4413 1378 4500">
     <span class='ocr_line' id='line_1_37' title="bbox 218 4413 1378 4500; baseline 0 -21"><span class='ocrx_word' id='word_1_368' title='bbox 218 4427 256 4479; x_wconf 84' lang='lat'><em>14.</em></span> <span class='ocrx_word' id='word_1_369' title='bbox 300 4425 365 4478; x_wconf 83' lang='lat' dir='ltr'><em>IIIx</em></span> <span class='ocrx_word' id='word_1_370' title='bbox 384 4425 440 4479; x_wconf 77' lang='lat' dir='ltr'><em>Iol.</em></span> <span class='ocrx_word' id='word_1_371' title='bbox 476 4415 685 4482; x_wconf 83' lang='lat' dir='ltr'><em>Burchardus</em></span> <span class='ocrx_word' id='word_1_372' title='bbox 710 4415 784 4479; x_wconf 86' lang='lat' dir='ltr'><em>abb.</em></span> <span class='ocrx_word' id='word_1_373' title='bbox 810 4414 844 4479; x_wconf 83' lang='lat' dir='ltr'><em>S.</em></span> <span class='ocrx_word' id='word_1_374' title='bbox 867 4415 965 4494; x_wconf 81' lang='lat' dir='ltr'><em>Galli,</em></span> <span class='ocrx_word' id='word_1_375' title='bbox 989 4416 1059 4480; x_wconf 85' lang='lat' dir='ltr'><em>eius</em></span> <span class='ocrx_word' id='word_1_376' title='bbox 1083 4413 1222 4478; x_wconf 86' lang='lat' dir='ltr'><em>nominis</em></span> <span class='ocrx_word' id='word_1_377' title='bbox 1244 4413 1378 4500; x_wconf 75' lang='lat' dir='ltr'><em>primus</em></span> 
     </span>
    </p>

    <p class='ocr_par' dir='ltr' id='par_1_10' title="bbox 218 4517 1607 4604">
     <span class='ocr_line' id='line_1_38' title="bbox 218 4517 1607 4604; baseline 0.001 -22"><span class='ocrx_word' id='word_1_378' title='bbox 218 4532 256 4584; x_wconf 82' lang='lat'><em>15.</em></span> <span class='ocrx_word' id='word_1_379' title='bbox 273 4530 366 4584; x_wconf 81' lang='lat' dir='ltr'><em>XVIII</em></span> <span class='ocrx_word' id='word_1_380' title='bbox 384 4528 440 4582; x_wconf 83' lang='lat' dir='ltr'><em>kal.</em></span> <span class='ocrx_word' id='word_1_381' title='bbox 477 4522 686 4586; x_wconf 84' lang='lat' dir='ltr'><em>Hermennus</em></span> <span class='ocrx_word' id='word_1_382' title='bbox 711 4540 780 4604; x_wconf 83' lang='lat' dir='ltr'><em>eps.</em></span> <span class='ocrx_word' id='word_1_383' title='bbox 805 4518 973 4583; x_wconf 67' lang='lat' dir='ltr'><em>(buriensis</em></span> <span class='ocrx_word' id='word_1_384' title='bbox 996 4519 1059 4599; x_wconf 88' lang='lat' dir='ltr'><em>ob.,</em></span> <span class='ocrx_word' id='word_1_385' title='bbox 1083 4519 1143 4582; x_wconf 83' lang='lat' dir='ltr'><em>tuit</em></span> <span class='ocrx_word' id='word_1_386' title='bbox 1166 4524 1265 4581; x_wconf 79' lang='lat' dir='ltr'><em>antea</em></span> <span class='ocrx_word' id='word_1_387' title='bbox 1286 4518 1362 4585; x_wconf 79' lang='lat' dir='ltr'><em>abb.</em></span> <span class='ocrx_word' id='word_1_388' title='bbox 1385 4517 1607 4584; x_wconf 80' lang='lat' dir='ltr'><em>Fabariensis.</em></span> 
     </span>
    </p>

    <p class='ocr_par' dir='ltr' id='par_1_11' title="bbox 217 4619 1701 4710">
     <span class='ocr_line' id='line_1_39' title="bbox 217 4619 1701 4710; baseline -0.001 -24"><span class='ocrx_word' id='word_1_389' title='bbox 217 4635 257 4688; x_wconf 87' lang='grc'><em>16.</em></span> <span class='ocrx_word' id='word_1_390' title='bbox 286 4633 363 4687; x_wconf 81' lang='lat' dir='ltr'><em>XVII</em></span> <span class='ocrx_word' id='word_1_391' title='bbox 383 4633 438 4686; x_wconf 81' lang='lat' dir='ltr'><em>kal.</em></span> <span class='ocrx_word' id='word_1_392' title='bbox 476 4625 650 4690; x_wconf 86' lang='lat' dir='ltr'><em>Heinrious</em></span> <span class='ocrx_word' id='word_1_393' title='bbox 675 4646 743 4710; x_wconf 78' lang='lat' dir='ltr'><em>epo.</em></span> <span class='ocrx_word' id='word_1_394' title='bbox 768 4622 1021 4702; x_wconf 68' lang='lat' dir='ltr'><em>heumanmus,</em></span> <span class='ocrx_word' id='word_1_395' title='bbox 1045 4621 1132 4686; x_wconf 82' lang='lat' dir='ltr'><em>filius</em></span> <span class='ocrx_word' id='word_1_396' title='bbox 1156 4621 1259 4686; x_wconf 85' lang='lat' dir='ltr'><em>Utrici</em></span> <span class='ocrx_word' id='word_1_397' title='bbox 1284 4623 1411 4685; x_wconf 81' lang='lat' dir='ltr'><em>comitis</em></span> <span class='ocrx_word' id='word_1_398' title='bbox 1437 4619 1504 4708; x_wconf 86' lang='lat' dir='ltr'><em>[de]</em></span> <span class='ocrx_word' id='word_1_399' title='bbox 1531 4620 1701 4686; x_wconf 82' lang='lat' dir='ltr'><em>Schennis.</em></span> 
     </span>
    </p>

    <p class='ocr_par' dir='ltr' id='par_1_12' title="bbox 215 4721 1824 4897">
     <span class='ocr_line' id='line_1_40' title="bbox 215 4721 1824 4812; baseline -0.002 -22"><span class='ocrx_word' id='word_1_400' title='bbox 215 4739 256 4792; x_wconf 69' lang='lat'><em>23.</em></span> <span class='ocrx_word' id='word_1_401' title='bbox 339 4737 438 4791; x_wconf 78' lang='lat' dir='ltr'><em>Xkul.</em></span> <span class='ocrx_word' id='word_1_402' title='bbox 475 4729 618 4794; x_wconf 81' lang='lat' dir='ltr'><em>Hemma</em></span> <span class='ocrx_word' id='word_1_403' title='bbox 641 4727 721 4792; x_wconf 70' lang='lat' dir='ltr'><em>abb*</em></span> <span class='ocrx_word' id='word_1_404' title='bbox 743 4726 941 4806; x_wconf 82' lang='lat' dir='ltr'><em>Turicensis,</em></span> <span class='ocrx_word' id='word_1_405' title='bbox 964 4725 1069 4790; x_wconf 85' lang='lat' dir='ltr'><em>Ulrici</em></span> <span class='ocrx_word' id='word_1_406' title='bbox 1093 4725 1220 4789; x_wconf 84' lang='lat' dir='ltr'><em>comitis</em></span> <span class='ocrx_word' id='word_1_407' title='bbox 1244 4721 1308 4812; x_wconf 87' lang='lat' dir='ltr'><em>[de]</em></span> <span class='ocrx_word' id='word_1_408' title='bbox 1334 4724 1495 4790; x_wconf 82' lang='lat' dir='ltr'><em>Schennis</em></span> <span class='ocrx_word' id='word_1_409' title='bbox 1520 4748 1623 4806; x_wconf 85' lang='lat' dir='ltr'><em>soror,</em></span> <span class='ocrx_word' id='word_1_410' title='bbox 1647 4725 1724 4789; x_wconf 81' lang='lat' dir='ltr'><em>alibi</em></span> <span class='ocrx_word' id='word_1_411' title='bbox 1748 4724 1824 4787; x_wconf 77' lang='lat' dir='ltr'><em>filia.</em></span> 
     </span>
     <span class='ocr_line' id='line_1_41' title="bbox 216 4831 730 4897; baseline 0 -2"><span class='ocrx_word' id='word_1_412' title='bbox 216 4842 257 4896; x_wconf 77' lang='lat'><em>27.</em></span> <span class='ocrx_word' id='word_1_413' title='bbox 328 4842 367 4896; x_wconf 86' lang='lat' dir='ltr'><em>VI</em></span> <span class='ocrx_word' id='word_1_414' title='bbox 385 4842 441 4894; x_wconf 81' lang='lat' dir='ltr'><em>kal.</em></span> <span class='ocrx_word' id='word_1_415' title='bbox 477 4834 630 4897; x_wconf 87' lang='lat' dir='ltr'><em>Uolricus</em></span> <span class='ocrx_word' id='word_1_416' title='bbox 655 4831 730 4896; x_wconf 82' lang='lat' dir='ltr'><em>abb.</em></span> 
     </span>
    </p>

    <p class='ocr_par' dir='ltr' id='par_1_13' title="bbox 215 4933 1032 5021">
     <span class='ocr_line' id='line_1_42' title="bbox 215 4933 1032 5021; baseline -0.005 -21"><span class='ocrx_word' id='word_1_417' title='bbox 215 4949 257 5000; x_wconf 71' lang='grc'><em>28.</em></span> <span class='ocrx_word' id='word_1_418' title='bbox 338 4945 438 5000; x_wconf 81' lang='lat' dir='ltr'><em>Vkal.</em></span> <span class='ocrx_word' id='word_1_419' title='bbox 474 4935 734 5020; x_wconf 71' lang='lat' dir='ltr'><em>Trutmannus²)</em></span> <span class='ocrx_word' id='word_1_420' title='bbox 759 4957 828 5021; x_wconf 83' lang='lat' dir='ltr'><em>eps.</em></span> <span class='ocrx_word' id='word_1_421' title='bbox 853 4933 1032 4998; x_wconf 70' lang='lat' dir='ltr'><em>buriensis.</em></span> 
     </span>
    </p>
   </div>
   <div class='ocr_carea' id='block_1_7' title="bbox 880 5129 1200 5204">
    <p class='ocr_par' dir='ltr' id='par_1_14' title="bbox 880 5129 1200 5204">
     <span class='ocr_line' id='line_1_43' title="bbox 880 5129 1200 5204; baseline 0 -2"><span class='ocrx_word' id='word_1_422' title='bbox 880 5129 1200 5204; x_wconf 85' lang='lat' dir='ltr'><em>FEBRUARIUS.</em></span> 
     </span>
    </p>
   </div>
   <div class='ocr_carea' id='block_1_8' title="bbox 232 5261 1003 5454">
    <p class='ocr_par' dir='ltr' id='par_1_15' title="bbox 232 5261 1003 5454">
     <span class='ocr_line' id='line_1_44' title="bbox 232 5261 915 5356; baseline -0.003 -28"><span class='ocrx_word' id='word_1_423' title='bbox 232 5275 256 5328; x_wconf 88' lang='lat'><em>3.</em></span> <span class='ocrx_word' id='word_1_424' title='bbox 325 5273 365 5326; x_wconf 89' lang='grc' dir='ltr'><em>ΠΙ</em></span> <span class='ocrx_word' id='word_1_425' title='bbox 384 5290 448 5327; x_wconf 89' lang='lat' dir='ltr'><em>non.</em></span> <span class='ocrx_word' id='word_1_426' title='bbox 477 5263 566 5329; x_wconf 84' lang='lat' dir='ltr'><em>Gero</em></span> <span class='ocrx_word' id='word_1_427' title='bbox 589 5266 664 5329; x_wconf 86' lang='lat' dir='ltr'><em>abb.</em></span> <span class='ocrx_word' id='word_1_428' title='bbox 689 5261 915 5356; x_wconf 61' lang='lat' dir='ltr'><em>Einsidlensis.</em></span> 
     </span>
     <span class='ocr_line' id='line_1_45' title="bbox 233 5365 1003 5454; baseline 0.001 -25"><span class='ocrx_word' id='word_1_429' title='bbox 233 5377 255 5430; x_wconf 81' lang='grc'><em>6.</em></span> <span class='ocrx_word' id='word_1_430' title='bbox 302 5377 368 5431; x_wconf 85' lang='lat' dir='ltr'><em>VIII</em></span> <span class='ocrx_word' id='word_1_431' title='bbox 384 5377 422 5432; x_wconf 90' lang='lat' dir='ltr'><em>id.</em></span> <span class='ocrx_word' id='word_1_432' title='bbox 476 5365 662 5454; x_wconf 70' lang='lat' dir='ltr'><em>Eulaliusb)</em></span> <span class='ocrx_word' id='word_1_433' title='bbox 685 5367 761 5432; x_wconf 80' lang='lat' dir='ltr'><em>abb.</em></span> <span class='ocrx_word' id='word_1_434' title='bbox 784 5365 1003 5430; x_wconf 81' lang='lat' dir='ltr'><em>Fabariensis.</em></span> 
     </span>
    </p>
   </div>
   <div class='ocr_carea' id='block_1_9' title="bbox 1360 5502 1772 5512">
    <p class='ocr_par' dir='ltr' id='par_1_16' title="bbox 1360 5502 1772 5512">
     <span class='ocr_line' id='line_1_46' title="bbox 1360 5502 1772 5512; baseline -0.01 0"><span class='ocrx_word' id='word_1_435' title='bbox 1360 5502 1772 5512; x_wconf 68' lang='lat'><em>..-—-—---..———.-.—...</em></span> 
     </span>
    </p>
   </div>
   <div class='ocr_carea' id='block_1_10' title="bbox 317 5543 1140 5666">
    <p class='ocr_par' dir='ltr' id='par_1_17' title="bbox 317 5543 1140 5666">
     <span class='ocr_line' id='line_1_47' title="bbox 317 5543 1140 5666; baseline -0.011 0"><span class='ocrx_word' id='word_1_436' title='bbox 317 5597 342 5661; x_wconf 80' lang='lat' dir='ltr'><em>v</em></span> <span class='ocrx_word' id='word_1_437' title='bbox 362 5597 473 5664; x_wconf 58' lang='lat' dir='ltr'><em>aa.</em></span> <span class='ocrx_word' id='word_1_438' title='bbox 499 5597 651 5666; x_wconf 59' lang='lat' dir='ltr'><em>rituum·</em></span> <span class='ocrx_word' id='word_1_439' title='bbox 757 5594 782 5660; x_wconf 79' lang='lat' dir='ltr'><em>v</em></span> <span class='ocrx_word' id='word_1_440' title='bbox 803 5595 916 5661; x_wconf 67' lang='lat' dir='ltr'><em>aa:</em></span> <span class='ocrx_word' id='word_1_441' title='bbox 935 5592 1065 5660; x_wconf 68' lang='lat' dir='ltr'><em>neonu-</em></span> <span class='ocrx_word' id='word_1_442' title='bbox 1139 5543 1140 5548; x_wconf 8' lang='grc' dir='ltr'><strong><em>Ν</em></strong></span> 
     </span>
    </p>
   </div>
   <div class='ocr_carea' id='block_1_11' title="bbox 319 5725 1576 5800">
    <p class='ocr_par' dir='ltr' id='par_1_18' title="bbox 319 5725 1576 5800">
     <span class='ocr_line' id='line_1_48' title="bbox 319 5725 1576 5800; baseline -0.006 -16"><span class='ocrx_word' id='word_1_443' title='bbox 319 5735 340 5800; x_wconf 88' lang='grc' dir='ltr'><em>ι)</em></span> <span class='ocrx_word' id='word_1_444' title='bbox 359 5731 469 5784; x_wconf 87' lang='lat' dir='ltr'><em>Harum</em></span> <span class='ocrx_word' id='word_1_445' title='bbox 487 5737 622 5799; x_wconf 71' lang='lat' dir='ltr'><em>notamini,</em></span> <span class='ocrx_word' id='word_1_446' title='bbox 640 5748 708 5799; x_wconf 77' lang='lat' dir='ltr'><em>quae</em></span> <span class='ocrx_word' id='word_1_447' title='bbox 727 5735 879 5798; x_wconf 65' lang='lat' dir='ltr'><em>uerrersnnt,</em></span> <span class='ocrx_word' id='word_1_448' title='bbox 898 5744 1028 5781; x_wconf 79' lang='lat' dir='ltr'><em>nornmcm</em></span> <span class='ocrx_word' id='word_1_449' title='bbox 1046 5727 1088 5780; x_wconf 86' lang='lat' dir='ltr'><em>bie</em></span> <span class='ocrx_word' id='word_1_450' title='bbox 1104 5729 1234 5780; x_wconf 74' lang='lat' dir='ltr'><em>rotimum</em></span> <span class='ocrx_word' id='word_1_451' title='bbox 1251 5727 1343 5780; x_wconf 73' lang='lat' dir='ltr'><em>baim</em></span> <span class='ocrx_word' id='word_1_452' title='bbox 1359 5743 1427 5794; x_wconf 75' lang='lat' dir='ltr'><em>mnes</em></span> <span class='ocrx_word' id='word_1_453' title='bbox 1445 5742 1500 5776; x_wconf 87' lang='lat' dir='ltr'><em>nou</em></span> <span class='ocrx_word' id='word_1_454' title='bbox 1516 5725 1576 5790; x_wconf 71' lang='lat' dir='ltr'><em>ficit.</em></span> 
     </span>
    </p>
   </div>
   <div class='ocr_carea' id='block_1_12' title="bbox 0 0 2178 6436">
    <p class='ocr_par' dir='ltr' id='par_1_19' title="bbox 0 0 2178 6436">
     <span class='ocr_line' id='line_1_49' title="bbox 0 0 2178 6436; baseline 0 0"><span class='ocrx_word' id='word_1_455' title='bbox 0 0 2178 6436; x_wconf 95' lang='lat' dir='ltr'><em> </em></span> 
     </span>
    </p>
   </div>
  </div>
 </body>
</html>
