4306 6434
394 399 455 462 324
507 394 641 451 sanan
659 394 812 451 NEGROL.
829 395 878 452 III
896 395 1066 452 INNAIIIS
1085 393 1240 452 NEGROL.
1258 394 1417 451 MONAST.
1436 395 1463 450 S.
1482 394 1600 451 BLASII
1618 396 1658 451 IN
1675 395 1793 452 NIGRA
1812 393 1931 452 SILVN

392 591 486 635 urum
507 571 669 652 excerpsit.
717 569 797 636 (lum
818 576 924 635 autem
939 570 1043 652 sorites
1057 569 1130 635 lini
1145 570 1312 652 manum,
1332 571 1389 652 qui
1397 572 1571 652 praecipuo
1584 593 1623 636 ea
1635 570 1821 636 Annalibus
1836 569 2040 652 Necrolap'cis

392 673 615 740 Sanblusianis
635 673 753 752 hausit,
776 675 882 739 adhuc
903 680 1032 753 exstent,
1055 696 1133 756 opus
1154 675 1292 753 Ziuekii,
1313 680 1351 738 ut
1373 676 1452 754 aut,
1474 674 1598 740 nullius
1617 677 1765 741 marcenti
1785 681 1840 740 est.

493 777 605 843 Etiam
633 777 710 842 liber
736 780 1027 844 anniversariorum
1058 779 1169 862 (coclea
1189 778 1445 844 mmmanaceus
1465 779 1498 845 S.
1520 778 1620 844 Pauli
1641 779 1701 844 Nr.
1716 781 1774 864 89)
1795 778 1924 844 sacculo
1948 781 2038 846 XVI.

390 883 529 964 scriptus
554 888 608 947 est.
663 884 862 964 Quamquam
891 887 1003 947 auctor
1030 883 1100 948 eius
1127 877 1237 948 literas
1263 884 1365 949 nuato
1393 905 1467 949 aevo
1493 885 1632 949 usitatas
1655 883 1789 965 pulchre
1816 885 1964 950 imitatus
1987 892 2038 963 est,

391 992 495 1051 tameu
523 1007 589 1051 non
616 985 732 1050 librum
753 987 897 1066 priorum
923 988 1157 1069 transscripsit,
1188 988 1243 1051 secl
1270 1008 1350 1068 opus
1377 1009 1491 1052 uocum
1512 1009 1552 1053 eu
1571 988 1713 1069 fontibus
1734 989 1842 1054 adhuc
1863 992 2037 1066 asservatis,

387 1091 557 1172 praecipue
579 1111 617 1154 ea
638 1089 822 1154 Annalibus
843 1089 1064 1173 Necroloaieis‚
1095 1111 1173 1172 quos
1195 1091 1274 1170 dici,
1297 1090 1483 1172 compilavit.
1534 1091 1708 1174 Exemplar
1729 1091 1829 1157 liuius
1850 1093 1927 1158 libri
1947 1095 2037 1158 auni-

389 1196 601 1260 versam'orum
621 1193 825 1260 Baumeister
846 1195 942 1260 etiam
965 1196 1002 1261 in
1023 1216 1102 1276 opus
1123 1217 1219 1260 suum
1238 1194 1463 1278 necrolapicum
1485 1195 1677 1260 tramtulit.¹

497 1297 624 1364 Codices
649 1297 832 1380 necrolopici
859 1297 891 1364 S.
915 1299 1015 1364 Pauli
1036 1299 1096 1363 Nr.
1119 1299 1215 1364 XXI
1231 1299 1338 1380 00210,
1371 1299 1502 1365 XXVI
1517 1300 1610 1381 busa
1640 1300 1714 1364 item
1743 1306 1870 1366 tantum
1898 1307 2037 1384 excerpta

390 1424 429 1466 ec
449 1424 540 1483 saepe
562 1403 656 1467 dictis
677 1401 849 1466 annalibus
871 1407 931 1466 aul
951 1403 1185 1484 compilationes
1206 1402 1329 1468 nullius
1336 1405 1438 1484 pretii
1453 1409 1539 1468 aaut.
1588 1402 1690 1470 Codes
1704 1404 1892 1470 chartaceus
1907 1406 1966 1470 Nr.
1979 1410 2039 1472 123

390 1512 496 1571 outem
518 1511 643 1571 tantum
664 1511 759 1571 notas
780 1527 820 1570 ca
841 1527 927 1571 armo
950 1509 1036 1571 1597
1056 1528 1156 1590 usque
1176 1507 1221 1571 ad
1241 1527 1365 1571 annum
1388 1510 1472 1570 1800
1493 1508 1637 1573 continet.

494 1610 688 1694 Frapmenta
709 1615 817 1674 autem
838 1610 1006 1694 necrolcpii
1026 1612 1231 1675 vetustissimi
1252 1611 1436 1676 moriasterii
1450 1611 1482 1678 S.
1498 1611 1607 1677 Blasii
1628 1613 1732 1678 aalma
1749 1619 1876 1678 eustaut
1890 1616 1927 1678 in
1941 1616 2039 1679 codice

390 1717 450 1780 Nr.
472 1717 492 1778 9
514 1713 711 1780 brlrlc'otlecae
732 1712 858 1778 aulicae
879 1714 1057 1795 imperialis
1078 1715 1337 1794 anatome,
1367 1716 1424 1797 qui
1445 1715 1611 1780 historiam
1632 1717 1812 1782 naturalem
1835 1717 1941 1782 Plinii
1962 1740 2038 1783 cam·

384 1819 581 1900 prelericlit.²
624 1817 770 1884 Dubium
792 1839 858 1883 non
879 1824 938 1897 est,
966 1819 1046 1900 quin
1066 1818 1146 1900 solia
1167 1823 1203 1898 4,
1230 1839 1312 1901 quae
1333 1818 1409 1884 laec
1429 1811 1609 1902 frapmenta
1630 1821 1802 1899 continent,
1825 1829 1902 1902 post
1923 1821 2039 1904 eliquat

390 1930 511 2005 ternpus
532 1945 603 1987 cum
624 1922 681 1988 liae
703 1923 806 1986 codr'ce
828 1923 997 1988 coniuncta
1018 1925 1084 1988 sint
1106 1928 1144 2003 et,
1166 1928 1204 1988 ut
1223 1922 1371 2005 exemplis
1391 1923 1634 2006 necrolpiarum
1649 1924 1786 1990 aliorum
1800 1926 2039 2004 dauomtratur,

383 2028 482 2108 prins
503 2028 548 2092 aa
568 2027 702 2092 coelicam
724 2026 906 2109 liturpicum
913 2028 1141 2108 pertinuerint.
1188 2025 1367 2091 Demeam
1381 2030 1436 2104 est,
1458 2027 1542 2108 quod
1555 2027 1630 2091 laec
1644 2027 1724 2108 folia
1738 2028 1914 2093 miserrime
1928 2030 2039 2094 detrita
2091 2081 2095 2086 .

389 2137 474 2197 sunt.
524 2131 655 2196 Partem
675 2132 817 2213 priorem
847 2134 912 2209 4¹12
934 2132 1077 2214 papinus
1098 2131 1306 2196 castinentem
1327 2129 1494 2212 necrolopii
1515 2131 1618 2211 ipsius
1638 2131 1816 2215 srapmenta
1838 2133 1976 2215 cupient,
2007 2135 2040 2198 in

384 2235 516 2316 popinis
537 2237 600 2312 3¹l2
618 2240 746 2316 partem
761 2235 903 2316 priorem
925 2235 1152 2316 accipientibus
1172 2234 1472 2316 confraternitatum
1491 2234 1617 2299 tabulae
1630 2237 1814 2300 monasterii
1827 2236 2039 2314 Summanu,

389 2339 444 2402 secl
470 2344 595 2416 tautum
624 2360 663 2402 ea
681 2344 778 2420 parte
804 2344 984 2402 associatae
1011 2337 1135 2404 saeculo
1159 2338 1241 2405 XII.
1264 2338 1437 2418 imorrptae
1458 2342 1543 2402 scint.
1588 2337 1728 2403 Nomina
1750 2345 1856 2404 autem
1877 2341 2041 2424 necrolopii

389 2442 508 2522 meires,
538 2442 622 2523 quocl
648 2447 694 2506 est
719 2443 857 2506 recensio
884 2442 1056 2507 mmiuarii
1075 2443 1213 2524 prioris,
1243 2463 1329 2506 nuuc
1344 2463 1484 2523 prorsus
1505 2441 1609 2521 deleti,
1634 2444 1741 2524 prium
1762 2449 1792 2507 ot
1813 2445 1923 2510 eadem
1945 2468 2041 2512 uranu

388 2546 544 2628 imcmpta
573 2548 660 2611 circa
686 2537 917 2613 annum'1102
944 2547 1104 2612 translata
1133 2552 1224 2624 ment,
1254 2567 1330 2611 uam
1358 2568 1397 2610 en
1425 2545 1476 2611 nis
1497 2547 1676 2612 nominilms
1697 2553 1773 2612 sunt
1795 2550 1891 2613 etiam
1913 2552 2040 2615 nomina

389 2650 556 2715 Herrancli
577 2651 712 2732 episcopi
734 2649 1019 2730 Halberstaclensis,
1040 2653 1098 2734 qui
1119 2652 1416 2730 abiitann01102,
1439 2655 1468 2714 et
1487 2651 1639 2733 Welsem's
1660 2652 1759 2731 discis,
1781 2656 1838 2735 qui
1860 2655 1938 2719 obiit
1957 2677 2041 2720 anno

392 2758 491 2832 1101,
514 2777 614 2820 manu
629 2755 741 2836 prima
763 2754 885 2834 addita,
907 2761 1001 2820 notae
1016 2762 1121 2821 autem
1130 2761 1241 2838 postea
1256 2756 1397 2820 adiectae
1413 2777 1518 2822 omncs
1531 2755 1654 2820 saeculo
1671 2755 1753 2820 XII.
1770 2757 1945 2839 inscriptae
1958 2765 2041 2839 sieut,

389 2858 492 2922 Notas
512 2859 611 2923 liuius
630 2857 797 2940 necrolopii
819 2879 910 2938 saepe
932 2857 1050 2923 literis:
1071 2859 1146 2942 f(i.
1170 2882 1194 2924 e.
1216 2860 1351 2943 frater),
1374 2881 1391 2923 c
1412 2858 1449 2943 (i.
1469 2880 1494 2924 e.
1518 2861 1711 2936 conversus),
1741 2860 1771 2923 cl.
1785 2881 1822 2940 p.
1846 2863 1883 2945 (i.
1898 2885 1924 2926 e.
1947 2864 2043 2929 datur

383 2963 580 3046 praebenda)
603 2963 835 3043 superscriptas
856 2963 1049 3040 invenimus;
1070 2961 1233 3028 nonnullis
1254 2964 1350 3026 ettam
1371 2963 1496 3045 mpnum
1561 2964 1740 3044 appositum
1755 2968 1809 3042 est,
1831 2966 1918 3046 arcad
1931 2967 2042 3050 rcleyat

364 3066 433 3146 ‚acl
453 3071 560 3130 nouam
582 3066 618 3130 in
639 3067 780 3147 nrarpine
801 3067 1005 3130 adiunctam:
1026 3066 1083 3143 „cle
1104 3067 1200 3131 istius
1221 3068 1441 3131 anniversario
1455 3067 1514 3148 siat
1528 3068 1631 3131 maior
1644 3070 1894 3134 communeratio
1909 3075 1939 3133 et
1952 3073 2042 3154 εἰφια

390 3175 499 3233 souerrt
520 3170 565 3234 ad
593 3168 664 3233 VII
673 3169 844 3250 psalmos“.

497 3274 587 3355 Quod
615 3273 652 3336 de
677 3273 734 3336 loc
755 3271 926 3356 necrolapio
948 3277 1060 3350 restat,
1089 3272 1257 3354 aliquoties
1278 3273 1398 3338 cditrcm
1420 3279 1479 3353 est,
1502 3279 1659 3356 postremo
1681 3294 1766 3338 anno
1790 3277 1876 3338 1863
1897 3276 1934 3340 in
1956 3298 2044 3359 opere

389 3375 716 3460 „Qudlensammlnnp
731 3377 786 3441 cler
802 3377 970 3440 bacliscleen
981 3377 1299 3459 Mndespescloielcte“
1314 3377 1382 3456 III,
1399 3381 1462 3441 613
1473 3380 1579 3442 -619,
1624 3376 1689 3442 Pro
1704 3378 1841 3442 caillone
1854 3401 1925 3443 mea
1940 3387 2043 3446 antem

389 3483 439 3545 cir
453 3481 651 3546 clarissimus
665 3481 725 3545 Dr.
739 3472 1052 3563 Hereberp-Frc'iulel
1068 3482 1227 3563 eucmplar
1240 3485 1479 3548 accuratissime
1493 3485 1666 3564 assmpsit,
1683 3505 1746 3564 pro
1768 3504 1830 3565 quo
1852 3485 1904 3549 lic
1921 3490 2045 3568 pratia

390 3586 511 3650 debitas
531 3606 598 3668 aaa.

493 3689 634 3754 Nomina
650 3689 758 3771 primo
780 3689 937 3769 inscripto
959 3688 1011 3752 lic
1033 3688 1134 3753 literis
1155 3691 1329 3754 ncaiorrlrus
1350 3690 1450 3755 latius
1472 3691 1642 3772 dispositis,
1663 3697 1757 3756 notem
1777 3693 1898 3757 sacacli
1915 3695 2000 3760 XII.
2018 3703 2047 3760 et

390 3794 687 3876 confraternitatum
709 3792 835 3857 totunm
857 3791 958 3856 literis
979 3794 1153 3857 maioribus
1166 3795 1327 3876 insrpniui.
1371 3795 1486 3876 Siqua:
1509 3796 1539 3858 cl.
1548 3816 1584 3875 p.
1646 3795 1697 3858 Ite
1712 3797 1851 3876 repetiti,
1873 3799 2044 3881 siprmfic.

389 3905 495 3962 autem
516 3898 559 3980 fr.
575 3919 618 3962 co.
641 3896 791 3978 supplevi.

491 4005 523 4068 2.
556 4002 790 4066 Mouastcrium
810 4001 842 4066 S.
859 3999 969 4066 Blasii
989 4002 1089 4067 solum
1108 4003 1192 4067 inter
1207 4001 1352 4067 coenobia
1368 4001 1501 4067 Sueoica
1516 4001 1659 4066 Annales
1673 4002 1889 4084 Necrolopicos
1905 4008 2046 4089 sempsit,

389 4129 467 4188 quos
488 4107 538 4170 oir
559 4105 757 4170 clarissimus
768 4105 983 4186 Fredeparins
997 4106 1096 4170 Mene
1111 4127 1196 4171 anuo
1211 4109 1296 4169 1803
1311 4105 1634 4189 (Qteellensammlunp
1648 4107 1704 4169 der
1718 4107 1886 4172 uuachun
1901 4111 2046 4176 haudm-

387 4209 559 4292 pesclielrte
580 4210 648 4286 III,
671 4209 733 4270 594
748 4211 830 4290 sqq.)
851 4208 1016 4290 elilipenter
1038 4209 1145 4272 ecliclit.
1198 4209 1283 4291 Quia
1305 4208 1410 4272 adlice
1431 4208 1556 4273 rotulus
1576 4210 1846 4288 membranaceus,
1869 4213 1906 4275 in
1929 4237 1992 4295 quo
2014 4215 2049 4278 ln'

389 4313 522 4377 annales
542 4314 654 4393 scripti
675 4318 760 4390 sunt,
783 4333 868 4376 cinno
892 4315 977 4374 1806
998 4333 1036 4374 ecc
1057 4313 1247 4376 nmmcsterio
1261 4311 1293 4376 S.
1310 4310 1419 4376 Blasii
1440 4313 1476 4375 in
1497 4313 1673 4376 coenobium
1689 4313 1721 4378 S.
1739 4313 1839 4378 Pauli
1859 4315 2049 4382 (larirrtlriae

389 4417 566 4481 translatus
587 4417 638 4480 liic
659 4417 796 4480 inueniri
810 4418 927 4498 nequit,
950 4416 1055 4496 facere
1069 4437 1133 4480 uon
1141 4437 1282 4496 possum,
1304 4417 1384 4497 quin
1399 4416 1456 4480 hoc
1470 4416 1535 4480 loco
1549 4417 1759 4480 additamenti
1773 4419 1863 4483 moola
1878 4422 2050 4487 editionem

389 4543 486 4603 qnam
508 4522 578 4584 clici
599 4525 745 4601 repetam.
795 4519 948 4584 Botulum
970 4522 1084 4600 ipsum,
1106 4521 1163 4600 qui
1184 4519 1307 4583 saecum
1331 4519 1428 4585 XIV.
1451 4542 1489 4584 ec
1511 4521 1674 4584 valentiori
1695 4521 1873 4586 translatus
1894 4531 1926 4588 et
1949 4549 2051 4608 resque

388 4629 424 4691 in
446 4648 568 4690 annum
591 4627 676 4688 1453
698 4627 903 4689 continuatus
925 4631 978 4702 est,
1002 4625 1060 4688 Fr.
1085 4624 1182 4688 Moue
1204 4624 1224 4687 l.
1241 4647 1265 4688 c.
1290 4625 1353 4686 595
1375 4629 1524 4688 accieratc
1545 4625 1718 4704 descrIpsit.

801 4928 832 4999 1.
873 4932 1235 5009 FRAGMENTA
1263 4931 1631 5060 NECROLQGII.

1096 5116 1332 5191 OCTOBER.

391 5259 431 5312 16.
459 5257 537 5312 XVII
555 5257 611 5314 kal.
647 5250 864 5316 RuodolIus
888 5270 969 5329 rex,
990 5249 1021 5316 d.
1040 5272 1070 5336 p.
1150 5249 1308 5314 Ohuono
1337 5270 1442 5330 eoum,
1467 5248 1497 5315 d.
1515 5271 1545 5336 p.
1589 5248 1818 5316 Uodalricus
1896 5250 2052 5342 Poppo.

699 5355 906 5419 Chaonius.
949 5353 1115 5417 Adelbero
1139 5376 1209 5440 eps.
1230 5354 1268 5418 ir.
1312 5351 1539 5419 Ohuonrudus.
1583 5353 1752 5424 Hadewic.
1795 5355 1987 5423 Ruodolsus
2010 5362 2051 5426 sr.

653 5480 688 5484 ——
733 5479 830 5484 --.—...
838 5478 846 5482 ,
1349 5478 1357 5482 .
1370 5477 1459 5482 ---
1502 5478 1657 5484 ——...—-
1665 5479 1942 5488 ——ffi—w——m-oe.

494 5545 516 5612 ι)
536 5545 623 5598 Neues
640 5545 738 5598 Arclrio
761 5545 840 5599 VIII
850 5562 880 5613 p.
894 5551 945 5598 443
961 5543 1023 5597 huic
1046 5547 1188 5614 examplari
1211 5547 1325 5600 munirem
1345 5545 1427 5614 pretii
1448 5546 1537 5599 Imlmi.
1642 5552 1664 5612 s)
1683 5547 1831 5616 Eaemplar
1853 5549 1952 5602 Ioron
1974 5549 2051 5619 frap-

253 5675 256 5682 .
388 5637 536 5686 mentorum
559 5635 662 5687 succido
687 5633 802 5688 XVIII.
822 5637 982 5704 perfectum,
1007 5633 1129 5687 sednon
1153 5641 1276 5689 accurate
1298 5634 1503 5702 transscripturi
1525 5635 1556 5686 in
1577 5633 1660 5686 codice
1681 5635 1835 5687 manasterii
1861 5635 2051 5692 amonensis

388 5721 521 5776 eliamaeeo
539 5719 590 5774 Nr.
604 5727 638 5774 29
655 5726 747 5776 castet.
