4296 6434
976 397 1238 458 NECROLOGIUM
1256 394 1526 456 zwlriLTENsF.

728 1077 1237 1175 NECROLOGIUM
1270 1075 1677 1170 ZWIFALTEN
1685 1075 1779 1170 SE.

549 1312 807 1404 Vetustissimum
828 1335 1035 1417 iwmvloyium
1057 1334 1240 1398 monasterii
1262 1331 1477 1412 Zwifaltensis
1497 1331 1694 1410 celeberrimi,
1717 1333 1841 1398 ordinis
1861 1355 1887 1396 s.
1904 1333 2071 1408 Benedicti,

433 1445 517 1526 quod
541 1462 625 1506 anno
655 1443 738 1503 1089
765 1462 788 1504 a
814 1440 978 1504 comitibus
1003 1439 1130 1504 Curione
1156 1443 1185 1501 et
1207 1436 1355 1502 Liutvlila
1381 1437 1420 1500 de
1441 1436 1576 1501 Aeliclm
1597 1439 1756 1501 conditum
1782 1444 1842 1515 est,
1876 1438 1977 1518 crplet
2000 1437 2072 1518 solia

435 1549 605 1612 171-208
626 1547 742 1610 codicis
760 1545 987 1610 membranacei
1006 1543 1203 1607 bibliothecae
1215 1541 1364 1622 publicae
1381 1543 1484 1622 reciae
1503 1542 1758 1622 Statqardianae,
1781 1542 1911 1620 „I'lieol
1937 1544 1971 1624 Q.
1989 1547 2073 1618 141⁸,

434 1673 496 1734 quo
521 1657 688 1732 praeterea
720 1651 921 1714 continentur
953 1647 1097 1711 Annales
1130 1645 1348 1726 Zivisaltemes
1380 1645 1461 1728 (S.S.
1492 1646 1527 1710 X
1554 1647 1705 1728 51sqq.).
1761 1645 1830 1710 Hoc
1864 1645 2073 1727 necroloyiuvi,

434 1756 518 1836 quod
548 1756 584 1818 in
616 1755 803 1817 monasterie
834 1751 1032 1831 Zwisaltensi
1064 1751 1223 1832 quandam
1252 1749 1420 1814 vocabatur
1448 1750 1674 1832 „necroloaium
1702 1750 1898 1830 capitulare‘
1928 1755 1957 1814 ct
1985 1770 2008 1812 a
2035 1772 2075 1812 me

434 1859 541 1922 littera
568 1858 602 1921 A
627 1859 788 1938 mandam
815 1861 873 1932 est,
904 1877 925 1918 a
953 1856 1085 1918 diversis
1110 1856 1257 1918 nianibus
1285 1861 1358 1918 ante
1385 1876 1506 1917 annum
1531 1857 1615 1916 1150
1642 1855 1737 1917 scribi
1757 1859 1899 1934 coeptum
1921 1860 1967 1917 est
1987 1859 2076 1934 alqui

429 1961 590 2044 pennulta
625 1961 654 2024 ei
686 1961 816 2024 nomina
847 1982 946 2040 iisque
979 1961 1015 2022 in
1047 1958 1208 2023 saeculum
1238 1959 1354 2023 XVII.
1387 1960 1542 2023 adiuncta
1569 1965 1654 2022 sunt.
1709 1958 1764 2022 Ad
1790 1959 1923 2022 nomina
1952 1957 2075 2037 definis

436 2073 541 2131 torum
567 2065 767 2128 inscribenda
793 2068 936 2128 auctores
962 2065 1031 2126 eius
1057 2069 1210 2144 quattiivr
1237 2063 1390 2126 columnis
1411 2063 1509 2128 colore
1536 2063 1631 2128 rubro
1656 2062 1756 2126 nitide
1777 2061 1945 2124 detineatis
1965 2063 2011 2124 sic
2032 2063 2077 2124 uti

435 2170 588 2246 volebant,
617 2174 655 2233 ut
681 2171 717 2232 in
736 2171 848 2250 prima
871 2173 966 2249 parte
993 2169 1123 2232 nomina
1150 2167 1373 2232 nioiuicbornm
1395 2173 1425 2231 ct
1446 2166 1648 2244 monialium,
1680 2168 1716 2230 iu
1738 2165 1839 2230 acea
1865 2187 2077 2230 coniersoruri

436 2280 465 2338 et
487 2295 718 2352 conversarum,
741 2274 778 2337 iii
798 2274 893 2337 tertia
914 2272 1081 2350 bimorum,
1104 2274 1318 2352 episcoporum
1340 2278 1370 2336 et
1390 2273 1587 2335 sacerdotum
1608 2271 1652 2334 ad
1672 2269 1839 2351 ampliores
1860 2269 1993 2334 lionoris
2007 2291 2077 2350 per-

437 2378 614 2454 ductorum,
636 2378 672 2440 in
693 2382 811 2458 quarta
831 2376 985 2440 lai'comm
1006 2377 1218 2440 inscriberent.
1264 2377 1374 2456 Neque
1395 2397 1465 2440 vero
1487 2375 1539 2438 liic
1560 2375 1635 2438 ordo
1656 2379 1803 2437 aoenrate
1825 2379 1872 2436 est
1893 2373 2079 2446 obseriatiis,

436 2482 492 2545 sed
505 2480 651 2562 plurima
672 2481 803 2544 nomina
824 2480 868 2543 ad
889 2479 1048 2543 libidinem
1064 2479 1216 2544 columnis
1240 2479 1304 2544 illis
1327 2481 1483 2560 inscripta
1504 2485 1589 2543 sunt.
1630 2478 1819 2560 Ocyrwmina
1840 2483 1871 2541 et
1885 2477 1972 2542 aliae
1994 2483 2080 2541 notae

438 2591 617 2650 constanter
640 2586 675 2648 in
695 2585 837 2666 maraine
864 2590 940 2648 sunt
961 2584 1074 2647 addita
1101 2589 1131 2647 et
1155 2585 1256 2666 sionis
1278 2584 1375 2648 claris
1397 2607 1469 2648 iiim
1491 2585 1570 2664 ipsis
1591 2583 1770 2648 nominibus
1792 2584 1972 2646 coniuncta.
2017 2581 2081 2645 Hoc

438 2689 647 2771 maclovium
667 2711 731 2752 usn
745 2689 903 2752 cotidiano
918 2687 1007 2751 valde
1022 2686 1141 2750 laesum
1159 2693 1213 2764 est,
1236 2687 1337 2751 miilta
1355 2689 1484 2752 nomina
1499 2688 1669 2752 admodum
1682 2687 1808 2762 detrita,
1830 2686 1935 2750 multa
1951 2707 2083 2767 prorsus

438 2814 531 2858 erasa
557 2799 649 2870 sunt,
680 2798 776 2873 alque
804 2792 882 2856 adeo
904 2813 988 2872 pars
1017 2792 1112 2854 tertia
1139 2796 1169 2853 et
1194 2796 1312 2872 qiiarta
1334 2791 1458 2855 dierum
1481 2792 1585 2854 7-15
1611 2791 1726 2854 meinis
1751 2789 1891 2854 Octobris
1911 2796 1943 2854 et
1964 2791 2083 2854 dieriim

439 2901 568 2961 10-17
588 2897 703 2960 innuis
725 2895 904 2960 Decembris
932 2901 1026 2976 atque
1048 2896 1159 2975 prima
1186 2900 1216 2958 et
1237 2894 1339 2959 altera
1355 2917 1436 2976 pars
1457 2897 1581 2960 dieram
1604 2898 1729 2959 16-24
1752 2895 1869 2958 vicinis
1895 2893 2037 2960 Octobris
2057 2899 2084 2957 ct

432 3008 544 3084 partes
565 3023 669 3066 omnes
690 3003 814 3066 dierum
837 3003 964 3064 18-31
985 3000 1101 3064 mensis
1124 2997 1303 3064 Decembris
1324 2999 1416 3063 livdie
1437 3000 1667 3063 desideravitm.

540 3110 571 3170 2.
599 3106 723 3170 Novum
748 3103 915 3186 iiecrvloyii
936 3104 970 3167 A
996 3103 1155 3184 evemplar
1175 3103 1298 3168 saecula
1322 3103 1424 3167 XIII.
1449 3103 1654 3168 Reinliardus
1683 3105 1721 3167 de
1743 3103 2001 3185 Munderbinaen
2023 3126 2084 3167 mo

437 3211 560 3275 nacbus
588 3209 803 3290 Zirisaltensis
832 3213 862 3273 et
890 3207 1082 3273 Weriilicius
1111 3228 1276 3271 conversus
1303 3209 1442 3272 eiusdem
1470 3208 1606 3272 coenobii
1635 3207 1841 3287 consecemint.
1895 3206 2087 3272 Weimlicrus

439 3317 522 3380 enim
544 3314 714 3392 columnas,
730 3335 791 3394 per
812 3333 894 3394 quas
916 3312 1011 3375 etiam
1032 3333 1112 3375 nova
1133 3313 1269 3375 recensio
1291 3312 1327 3374 iii
1347 3317 1499 3393 quattuor
1514 3317 1627 3392 partes
1649 3312 1753 3376 divisa
1774 3317 1828 3388 est,
1850 3316 1881 3374 et
1899 3317 2085 3375 omiamaila

434 3417 602 3500 pemnnlta,
625 3418 738 3498 quibus
753 3417 860 3496 capita
875 3414 1092 3479 columnarum
1107 3415 1271 3492 decorarit,
1291 3414 1467 3492 delineavit,
1482 3416 1613 3479 nomina
1627 3421 1732 3479 autem
1747 3414 1970 3494 defuiiclonim
1980 3415 2086 3478 omnia

441 3522 648 3586 Reinliardus
669 3543 708 3584 eu
729 3521 832 3584 codice
853 3520 887 3583 A
908 3520 1135 3600 tramscripsit.
1180 3519 1250 3582 Hoc
1271 3519 1442 3600 ecernplar,
1464 3521 1549 3602 quod
1569 3519 1669 3601 eiplet
1690 3524 1734 3583 37
1754 3519 1834 3601 folia
1855 3519 1975 3583 codicis
1996 3541 2087 3583 mem·

440 3627 588 3692 branmei
609 3647 695 3689 nnnc
716 3625 915 3689 bibliothecae
931 3623 1079 3705 publicae
1100 3625 1204 3705 rcyiae
1226 3623 1489 3706 Stiittyardianue
1511 3624 1611 3705 (IIist.
1627 3623 1680 3705 fol.
1698 3624 1758 3688 Nr.
1773 3625 1852 3708 420)
1874 3630 1950 3688 ante
1968 3644 2089 3688 annum

441 3733 527 3794 1232
546 3730 643 3793 scribi
664 3735 804 3809 coeptum
826 3751 890 3793 esse
911 3729 985 3793 inde
1006 3735 1147 3809 coniuret,
1168 3730 1253 3810 quod
1268 3728 1474 3792 Reiiiliardus
1495 3735 1606 3792 auctor
1627 3730 1705 3806 eius,
1728 3730 1785 3810 qui
1805 3729 1861 3792 lioc
1884 3749 1973 3792 amia
1991 3729 2089 3792 abbas

442 3833 656 3914 Zivifaltensis
684 3833 798 3896 electus
826 3837 885 3910 cst,
914 3833 973 3896 etsi
998 3834 1127 3912 saepius
1154 3853 1265 3896 nomen
1292 3832 1360 3895 cius
1388 3837 1658 3909 commemoratur,
1688 3853 1853 3914 nunquam
1878 3833 1977 3896 abbas
1997 3833 2035 3896 in
2056 3855 2089 3896 eo

441 3937 629 4019 appellatur.
666 3936 709 3999 In
722 3937 779 4000 lioc
793 3937 965 4017 exemplari
978 3937 1157 4002 nominibus
1171 3937 1391 4017 defunctorum
1399 3936 1570 4017 permultis
1578 3937 1701 4018 partim
1715 3959 1737 4000 a
1754 3936 1948 4014 Reinliardo,
1965 3937 2090 4017 partim

442 4043 481 4106 ab
509 4041 576 4106 alia
598 4063 697 4105 miam
719 4041 856 4105 eiusdem
876 4043 991 4106 aetatis
1012 4043 1048 4106 in
1070 4042 1266 4124 marainibus
1288 4047 1487 4123 coynomenta
1509 4048 1539 4104 et
1559 4047 1652 4106 notae
1673 4041 1759 4104 aliae
1779 4041 1894 4104 addita
1915 4045 2001 4103 sunt.
2048 4039 2089 4102 In

435 4147 559 4228 pacina
573 4146 683 4226 prima
705 4146 857 4226 iniuaines
878 4151 1059 4223 auctorum,
1091 4145 1255 4210 Wcinberi
1271 4147 1406 4226 pictoris
1427 4151 1457 4210 ct
1479 4146 1676 4222 Reinbardi‚
1706 4145 1956 4226 coinpiciuutiir.
2001 4143 2090 4207 Huic

443 4251 622 4315 Reinbardi
643 4252 826 4328 recensioni,
848 4273 944 4332 quam
966 4252 1000 4316 B
1020 4253 1213 4332 nuncupavi,
1236 4252 1336 4316 medio
1357 4272 1431 4315 aevo
1447 4251 1648 4332 paucissima
1670 4255 1796 4313 tantum
1817 4249 1949 4312 nomina
1967 4247 2089 4324 addita,

441 4354 576 4419 saeailis
599 4355 714 4419 XVII.
738 4361 767 4419 et
790 4355 924 4420 XVIII.
948 4356 1072 4419 deinum
1092 4377 1114 4418 a
1136 4356 1268 4420 divorsis
1282 4356 1429 4419 manibus
1442 4377 1523 4419 nova
1537 4356 1667 4420 nomina
1682 4355 1844 4436 miscri'Jita
1858 4357 1944 4416 siiiit.
1989 4351 2089 4415 Reiu-

442 4459 564 4523 bardus
593 4461 723 4523 nomina
751 4459 917 4540 maclovii
945 4459 977 4523 A
1002 4461 1184 4540 saepissime
1213 4461 1261 4522 ita
1284 4461 1476 4536 immutavit,
1508 4465 1545 4522 iit
1565 4458 1702 4539 [minam
1728 4479 1789 4522 sua
1810 4461 1913 4521 aetate
1935 4457 2090 4520 visitatam

442 4563 595 4641 scriberet,
618 4584 714 4644 quam
735 4562 787 4626 liic
808 4563 844 4626 in
865 4563 1122 4627 adnotationibus
1144 4563 1265 4626 addidi.
1317 4563 1421 4629 Unum
1440 4564 1618 4644 scripturae
1631 4563 1802 4626 discrimen
1816 4547 1970 4625 adnotare
1985 4560 2092 4624 omisi:

449 4668 513 4734 Ubi
538 4669 575 4731 in
603 4667 705 4731 codice
726 4667 759 4730 A
785 4666 933 4748 levientur
957 4669 1087 4732 nomina
1113 4690 1184 4731 cum
1205 4666 1364 4732 vocabulis
1384 4666 1497 4745 „adab
1529 4669 1647 4749 mcvin,
1679 4667 1780 4748 reyin,
1810 4665 1891 4744 siff
1912 4666 2092 4744 composita,

444 4771 651 4836 Ileinliardus
676 4791 796 4850 semper
824 4771 914 4834 habet
940 4771 1076 4852 foimam
1097 4771 1310 4835 abbreviatam
1331 4771 1397 4848 „al,
1427 4772 1527 4848 mein,
1556 4772 1641 4847 rein,
1667 4770 1734 4846 si“;
1763 4769 1793 4832 si
1814 4768 1914 4849 ibitur
1935 4769 1973 4830 in
1993 4769 2027 4832 A
2049 4773 2094 4832 est

444 4875 667 4953 „Adalbertus,
690 4874 865 4956 Meqinqor,
889 4875 1069 4957 Reyiiibert,
1093 4874 1257 4956 suisium
1280 4875 1316 4938 in
1337 4875 1371 4939 B
1391 4875 1542 4938 scribitur
1563 4873 1729 4951 „Albrelit,
1752 4873 1907 4954 bicinam,
1930 4871 2092 4948 Reinbcrt,

444 4979 583 5060 Sirrtd‘i

546 5088 576 5148 3.
600 5084 696 5147 Isiber
717 5083 1009 5148 anniversariorum
1028 5082 1292 5163 Zivifalteiisium,
1314 5105 1375 5164 quo
1396 5081 1520 5146 saeculo
1543 5081 1658 5146 XVII.
1678 5079 1909 5144 Bvclientbaler
1929 5079 2093 5144 ebronista

444 5187 661 5269 Zivifattensis
681 5189 776 5251 etiam
798 5209 876 5250 usiis
898 5191 951 5264 est,
974 5208 1125 5269 qiienique
1148 5187 1229 5252 idem
1251 5189 1393 5252 nominat
1414 5187 1551 5265 „librum
1566 5187 1758 5262 animarum,
1780 5183 1990 5266 necroloyium
2006 5185 2093 5249 bene-

444 5291 614 5372 factorum,
644 5292 814 5371 antiquum
834 5289 976 5370 fratrum
997 5292 1243 5371 coiiscri'irtorum
1265 5290 1476 5368 memoriale“,
1498 5289 1589 5354 livdie
1611 5291 1748 5353 amissus
1770 5294 1823 5352 est.
1867 5287 1923 5352 Ec
1944 5287 2002 5352 boc
2023 5311 2094 5352 vcro

445 5394 523 5459 libro
544 5415 565 5457 a
587 5417 634 5459 me
660 5393 889 5474 Cnuiicupato
911 5400 1055 5475 excerpta
1077 5393 1167 5457 nobis
1187 5400 1312 5458 servata
1332 5400 1409 5458 sunt
1427 5415 1521 5474 opera
1543 5392 1794 5469 Boebentlialeri,
1817 5392 1875 5473 qni
1896 5412 1935 5455 ea
1957 5392 1994 5455 in
2015 5413 2095 5472 opis

444 5521 539 5564 suum
560 5499 798 5581 necrvlavieum,
829 5500 922 5562 cuius
942 5499 1050 5562 statim
1073 5498 1186 5562 mentio
1208 5501 1271 5578 fiet,
1302 5499 1425 5578 recipit.
1471 5497 1550 5562 Alia
1571 5521 1610 5562 ev
1630 5498 1734 5562 eodem
1755 5495 1835 5561 libro
1856 5501 2003 5574 excerpta
2024 5518 2093 5559 sae-

445 5601 515 5667 cula
539 5603 633 5668 XVI.
657 5603 837 5667 calendario
867 5609 1025 5680 cartaceo,
1054 5601 1139 5684 quod
1164 5601 1274 5682 (Brev.
1298 5602 1358 5666 Nr.
1376 5603 1437 5685 96)
1463 5601 1554 5666 livdie
1584 5603 1618 5666 in
1648 5600 1831 5666 bibliotlieca
1852 5597 1985 5681 publica
2008 5601 2095 5682 reyia

447 5707 691 5790 Stutlaardiana
713 5713 904 5785 asservatur,
927 5707 1082 5788 inscripta
1103 5710 1188 5770 sunt.
