4388 6442
398 381 439 443 90
531 375 640 430 LIBER
658 377 1015 432 ANNIVERSARIORUM
1034 377 1080 432 ΕΤ
1099 377 1364 456 NECROLOGIUM
1383 377 1611 433 MONAS'IERII
1629 379 1919 435 KAISHEIMENSIS.

414 549 439 603 4.
509 549 548 603 IV
566 567 631 603 non.
658 549 708 604 Ob.
727 549 761 603 ir.
780 551 877 605 Chtino
896 551 930 605 de
949 550 1086 620 Gieugem
1104 567 1160 604 acc.
1175 552 1204 604 et
1215 568 1251 604 m.

415 637 439 687 6.
520 637 547 689 II
565 654 628 691 non.
656 637 729 690 Anu.
751 637 911 691 Berchtoldi
933 637 1084 706 pincernae
1107 637 1141 692 de
1165 637 1262 700 esim,
1287 637 1395 691 militis.
1431 638 1482 693 Ob.
1501 641 1533 693 fr.
1552 639 1766 709 Christophorus
1785 638 2003 693 Stettschrciber
2020 638 2055 692 de

708 725 837 794 Augusta
855 741 908 777 sac.
921 726 950 777 et
963 742 1008 787 m..
1027 724 1076 792 qui
1094 724 1198 778 multos
1217 724 1304 778 bonos
1322 724 1408 778 libros
1427 725 1539 794 scripsit
1557 725 1715 779 conventui.

414 809 438 860 8.
481 809 547 863 VIII
565 807 602 862 id.
657 811 728 862 Anu.
747 810 873 864 Hainrici
892 810 927 863 de
946 810 1079 863 Kalentin
1099 812 1128 863 et
1146 810 1218 864 Clite
1236 810 1330 864 uxoris
1350 811 1409 864 eius
1427 812 1462 864 de
1476 812 1661 866 Vichenbach.
1695 812 1746 866 Hie
1765 812 1903 865 habeatur
1920 811 2055 866 memoria

707 896 825 950 Ursulae
843 898 878 950 de
897 897 1107 951 Scharrnstettn
1126 900 1155 950 et
1173 897 1319 951 charorum
1338 902 1470 952 suoi·uni.¹

414 979 438 1034 9.
495 981 547 1035 VII
565 980 602 1037 id.
658 982 707 1036 Ob.
726 983 812 1036 frater
830 984 910 1037 Beru.
929 984 963 1037 de
981 983 1177 1038 Schematettn
1195 1001 1235 1038 ev.

397 1068 438 1120 11.
519 1066 600 1120 Vid.
655 1071 727 1124 Anu.
746 1071 872 1124 Hainrici
897 1071 1008 1126 comitis
1029 1071 1064 1126 de
1087 1071 1311 1140 hechsgemiind,
1336 1071 1419 1141 primi
1438 1072 1610 1135 fundatoris,
1635 1075 1665 1126 et
1682 1072 1802 1128 Conradi
1823 1071 1874 1125 filii
1892 1071 1974 1125 eins.²
2004 1070 2055 1124 Ob.

707 1157 855 1212 Udalricus
874 1157 980 1226 primus
998 1158 1062 1211 abb.
1082 1157 1268 1212 Caesariensis
1288 1160 1378 1214 1155.³

431 1279 437 1291 .
506 1240 546 1293 IV
564 1241 601 1294 id.
655 1244 728 1296 Anu.
755 1243 862 1297 Siffridi
885 1244 986 1298 Mtlller
1013 1244 1132 1314 hospitis
1158 1244 1246 1298 nostri
1274 1245 1304 1298 in
1334 1244 1416 1298 domo
1439 1248 1535 1299 nostra
1565 1245 1596 1299 in
1619 1245 1788 1316 huningen*
1830 1244 1880 1299 Ob.
1905 1243 2055 1298 Hainricus

708 1330 869 1385 Schmieher
886 1331 973 1384 miles.
1127 1393 1129 1396 ¹
1344 1335 1345 1340 ’

432 1453 437 1465 .
520 1415 546 1468 II
565 1415 601 1469 id.
656 1418 727 1471 Anu.
745 1418 895 1472 Weruheri
919 1417 954 1472 ds
976 1419 1106 1488 Augusta
1130 1422 1159 1471 et
1183 1417 1345 1488 Lnitgardis
1370 1417 1463 1471 uxoris
1489 1418 1555 1473 eius.
1593 1418 1644 1472 Ob.
1663 1418 1805 1472 Conradus
1829 1417 1966 1472 secundus
1990 1417 2055 1470 abb.

707 1504 895 1559 Caesariensis
913 1506 989 1559 llb'b.

433 1628 438 1640 .
486 1588 550 1641 XVI
569 1589 625 1644 hal.
661 1589 733 1642 Anu.
752 1590 870 1644 Berwici
892 1590 926 1643 de
946 1589 1147 1660 Weissenburg
1165 1594 1194 1644 et
1212 1589 1334 1644 Diemari
1353 1589 1387 1642 de
1406 1589 1511 1643 Stdlen.
1543 1591 1592 1645 Ob.
1612 1607 1663 1644 sor.
1682 1589 1827 1643 Elisabeth
1844 1589 1879 1642 de
1897 1588 2056 1658 Ndrnberg.

707 1676 844 1745 magistra
863 1678 1017 1730 conventus
1035 1676 1065 1729 in
1083 1677 1239 1746 huningen.

396 1761 439 1812 21.
493 1760 545 1814 XII
563 1761 620 1815 kal.
657 1764 728 1818 Anu.
748 1763 861 1817 Geroldi
879 1764 913 1818 de
932 1764 1108 1834 Hohenstaig
1127 1768 1156 1817 et
1174 1764 1338 1818 Adelhaidis
1356 1764 1450 1818 uxoris
1469 1781 1535 1817 suae
1554 1766 1583 1817 et
1600 1764 1750 1818 liberorum
1769 1761 1927 1816 eorundem.

396 1847 437 1899 22.
505 1847 544 1900 XI
561 1848 616 1901 kal.
653 1851 726 1903 Anu.
743 1850 857 1904 illorum
876 1850 911 1904 de
929 1850 1049 1920 Burgam
1069 1849 1122 1904 hoc
1140 1854 1182 1904 est
1200 1850 1398 1905 celebrandum
1416 1850 1447 1903 in
1465 1850 1511 1903 die
1524 1849 1692 1904 Palmarum.
1723 1846 2000 1916 AnnChristoplreri
2019 1846 2055 1899 de

709 1936 796 2000 Laub,
814 1937 884 1991 dicti
902 1937 1067 1998 Murstaller‚
1086 1939 1129 1990 est
1147 1937 1343 1991 celebrandum
1361 1937 1431 1990 feria
1448 1939 1465 1990 2
1483 1936 1611 2006 proxima
1629 1938 1693 2006 post
1711 1936 1784 1989 diem
1802 1934 1970 1989 Palmarum.

396 2019 438 2072 23.
521 2020 621 2074 Xlral.
657 2024 730 2076 Anu.
743 2023 907 2078 Adelhaidis
923 2023 998 2078 dicte
1011 2023 1102 2076 Tabia
1120 2026 1150 2077 et
1162 2023 1313 2078 Gerdrudis
1327 2024 1361 2078 de
1375 2024 1473 2093 Haige.
1504 2025 1574 2078 Item
1587 2041 1652 2078 ann.
1667 2023 1801 2078 hudovici
1814 2021 1931 2076 iunioris
1944 2019 2056 2075 comitis

709 2109 743 2163 de
762 2098 895 2180 Otingen.

397 2190 438 2243 24.
509 2191 546 2245 IX
565 2194 621 2248 kal.
657 2197 729 2249 Anu.
748 2195 812 2264 Mys
831 2196 865 2249 de
883 2194 1039 2248 Vilenbach
1058 2197 1087 2249 et
1105 2195 1275 2251 Catharinao
1293 2197 1328 2251 de
1347 2196 1473 2251 Ostheim
1491 2214 1623 2251 sororum.

397 2276 438 2330 26.
493 2278 546 2333 VII
564 2281 618 2335 hal.
656 2282 729 2334 Anu.
748 2281 893 2336 Elisabeth
911 2293 1001 2336 com⁸⁰
1019 2281 1055 2334 de
1074 2281 1222 2353 Oetingen.

396 2363 438 2416 28.
521 2366 620 2422 Vlral.
656 2368 728 2422 Anu.
751 2367 879 2438 magistri
901 2368 1042 2422 Craltonis
1066 2370 1145 2439 pposi
1168 2370 1301 2424 ecclesiae
1325 2370 1517 2440 Augustensis.
1551 2371 1623 2423 Anu.
1646 2368 1759 2437 Caspari
1783 2367 1926 2435 Schrimpl
1953 2366 2053 2421 vicarii

710 2470 780 2507 ecce.
800 2453 980 2522 Eystetensis.
999 2455 1047 2522 qui
1066 2455 1209 2509 ordinarit
1227 2455 1308 2510 nobis
1326 2456 1361 2510 de
1379 2455 1459 2509 libris
1478 2455 1535 2508 suis
1553 2455 1569 2508 ll
1588 2454 1739 2508 volumina.

397 2536 439 2590 30.
506 2536 546 2590 III
564 2537 620 2591 kal.
656 2541 728 2593 Anu.
747 2539 865 2609 Agnetis
883 2539 917 2594 de
936 2540 1133 2595 Iteichenbach
1153 2545 1181 2596 ct
1200 2542 1274 2596 filiae
1294 2542 1361 2596 eius.

1127 2737 1330 2811 APRILIS.

417 2884 442 2935 2.
512 2882 551 2935 IV
569 2901 633 2938 non.
662 2887 734 2938 Anu.
753 2884 877 2938 Udalrici
896 2885 931 2939 de
949 2885 1193 2940 Schrattsnholl'en
1213 2892 1242 2939 et
1259 2887 1402 2956 liudolphi
1421 2887 1455 2939 de
1474 2885 1649 2954 Seselingen.

416 2969 442 3022 3.
509 2968 550 3022 III
568 2986 632 3024 non.
660 2975 731 3024 Anu.
751 2971 871 3025 Conradi
893 2972 982 3026 villici
1006 2972 1040 3025 de
1059 2972 1176 3026 Buech.⁸
1210 2973 1261 3026 Ob.
1280 2973 1397 3026 Ioannes
1422 2973 1457 3026 de
1480 2971 1653 3041 Cumpidona
1682 2970 1744 3024 abb.
1768 2968 1954 3026 Caesariensis
1982 2968 2057 3022 1490.

710 3057 760 3112 Ob.
779 3057 921 3112 Conradus
939 3059 1063 3112 Huttner
1080 3058 1143 3112 abb.
1164 3059 1193 3112 in
1213 3059 1332 3127 Pelysio‚
1352 3059 1397 3113 hic
1416 3059 1554 3128 professus
1574 3059 1650 3112 1435.

434 3182 441 3194 .
506 3141 547 3195 III
565 3159 628 3197 non.
658 3143 708 3198 Ob.
726 3143 791 3198 Gerl
810 3144 871 3212 (sie)
891 3145 1066 3198 Rornauerin
1084 3145 1115 3199 in
1134 3145 1292 3200 Lantnhuet
1311 3148 1341 3200 et
1357 3146 1431 3200 filius
1450 3145 1509 3199 eius
1527 3145 1734 3214 Kunegundis.‘

565 3246 630 3283 non.
658 3230 730 3284 Anu.
750 3230 911 3299 Marquardi
929 3231 1070 3285 Blossonis
1089 3235 1118 3285 et
1135 3232 1229 3285 uxoris
1249 3236 1278 3285 et
1297 3232 1395 3286 matris
1414 3233 1481 3286 eius.
1513 3231 1563 3285 Ob.
1584 3229 1764 3300 Margaretba
1782 3230 1816 3284 de
1835 3229 2025 3296 Rechenberg.

434 3269 443 3369 i
484 3315 550 3370 VIII
567 3317 605 3369 id.
660 3315 710 3370 Ob.
729 3316 839 3370 Ulricns
858 3316 942 3371 Sutor
960 3317 994 3371 de
1015 3317 1185 3372 Purohdorl⁷
1205 3317 1280 3372 1177.

435 3530 441 3542 .
513 3489 551 3542 VI
569 3489 607 3542 id.
660 3491 732 3544 Aun.
752 3492 944 3562 christophori
963 3493 1007 3561 epi
1024 3492 1260 3561 Ratisponeusis.⁸

435 3617 441 3629 .
525 3575 551 3629 V
568 3575 606 3628 id.
660 3577 732 3632 Anu.
752 3578 885 3632 Beatricis
904 3577 1011 3632 ducisse
1030 3579 1065 3632 dc
1085 3579 1168 3639 Deck,
1186 3578 1280 3631 uxoris
1298 3577 1433 3631 Friderici
1452 3578 1487 3630 de
1506 3577 1653 3645 Haydegk.

415 3141 433 3195 4

418 3229 435 3280 5

415 3316 432 3369 6

418 3404 441 3457 7.
500 3403 552 3456 VII
569 3403 608 3458 id.
661 3405 732 3456 Anu.
751 3403 875 3456 Udalrici
895 3403 996 3473 Ylsing
1014 3404 1049 3457 de
1067 3405 1196 3474 Angusta
1215 3407 1244 3458 et
1262 3405 1355 3459 uxoris
1374 3421 1449 3458 suae.

416 3490 433 3542 8

416 3577 432 3628 9

401 3661 442 3714 12.

522 3661 549 3714 ΙΙ
568 3661 606 3715 id.
662 3666 731 3718 Anu.
750 3666 870 3719 Petrisse
892 3665 986 3720 uxoris
1008 3664 1141 3733 pincerne
1164 3665 1199 3718 de
1218 3664 1386 3718 Hoffstetten
1413 3667 1441 3717 et
1460 3663 1585 3718 Heinrici
1605 3663 1655 3716 filii
1674 3664 1741 3717 eius.
1772 3662 1822 3716 Ob.
1843 3661 2006 3714 Waltherus
2024 3659 2059 3724 de

709 3751 859 3821 Popfingin
877 3769 936 3806 can.
956 3752 1088 3805 ecclesiae
1106 3751 1299 3821 Augustensis.

402 3835 442 3888 13.
569 3835 607 3888 id.
661 3836 712 3889 Ob.
732 3837 859 3904 Sylridus
872 3829 1010 3892 Edelrnan
1023 3856 1077 3892 sac.
1090 3841 1119 3892 st
1133 3857 1177 3900 m..
1196 3836 1380 3891 confessarius
1393 3836 1423 3889 in
1437 3835 1528 3890 Felice
1545 3837 1631 3900 Valle,
1650 3836 1757 3891 scilicet
1769 3837 1798 3890 in
1812 3834 1971 3889 handshutt
1986 3833 2060 3886 1440.

402 3920 442 3972 14.
456 3920 549 3974 XVIII
566 3922 623 3977 kal.
661 3922 709 3977 Ob.
730 3924 830 3977 Petrus
849 3924 969 3977 Habfast
987 3924 1143 3978 sacellarius
1162 3925 1192 3978 in
1211 3923 1383 3977 hindenauw
1405 3922 1479 3976 1470.

401 4007 442 4061 15.
470 4007 548 4062 XVII
567 4008 623 4063 kal.
659 4010 731 4064 Arm.
750 4011 919 4065 ruarchionis
937 4011 971 4064 do
991 4012 1110 4081 Burgau.
1142 4012 1193 4066 Hic
1212 4011 1350 4065 habeatur
1368 4009 1504 4063 memoria
1523 4011 1555 4064 14
1574 4011 1786 4074 monachorum,
1805 4013 1822 4064 2
1840 4008 2012 4063 noviciorum
2031 4009 2060 4059 et

711 4099 727 4150 6
746 4113 952 4162 conversorum,
977 4115 1095 4166 quorum
1120 4097 1235 4150 nomina
1259 4096 1327 4150 deus
1350 4095 1417 4158 scit,
1442 4095 1491 4163 qui
1513 4095 1556 4150 ob.
1581 4097 1649 4150 1350
1673 4097 1746 4151 iufra
1764 4115 1850 4150 unum
1869 4112 1992 4148 mensem
2011 4111 2061 4162 per

712 4182 781 4237 duos
799 4183 858 4238 dies
876 4184 950 4238 circa
969 4185 1070 4239 festum
1088 4185 1182 4246 Pasce,
1199 4201 1217 4237 a
1235 4183 1294 4237 XV.
1314 4183 1369 4237 kal.
1388 4181 1494 4251 Aprilis
1512 4200 1600 4250 usqne
1620 4183 1656 4236 ad
1676 4184 1734 4238 XV.
1752 4183 1808 4237 lral.
1827 4182 1904 4236 Maii.

403 4268 442 4320 16.
485 4266 550 4320 XVI
568 4267 624 4321 kal.
660 4268 712 4323 Ob.
731 4271 813 4323 Anna
830 4270 865 4324 de
883 4271 1104 4341 Treucbtlingen
1121 4271 1179 4325 filia
1198 4270 1326 4340 dapifferi
1345 4270 1380 4323 de
1400 4268 1660 4324 Wilburehstetten.

402 4355 443 4406 18.
485 4353 550 4407 XIV
569 4353 624 4407 kal.
661 4354 712 4409 Ob.
731 4355 874 4410 Conradus
893 4357 950 4411 dec.
970 4356 1000 4409 in
1017 4357 1169 4426 Dillingen‚
1189 4356 1239 4425 qui
1256 4356 1336 4409 dedit
1353 4354 1434 4409 nobis
1453 4372 1589 4408 sumniam
1609 4372 1722 4409 casuum
1741 4359 1769 4410 et
1786 4355 1844 4409 alia
1863 4355 1951 4423 plura.

403 4441 443 4494 19.
485 4439 551 4494 XIII
569 4441 624 4495 kal.
661 4443 733 4495 Ann.
754 4442 877 4496 Uclalrici
897 4443 931 4495 de
950 4443 1102 4512 Elwangen
1122 4447 1150 4498 et
1169 4443 1340 4512 Erclrcngeri
1359 4443 1393 4496 de
1413 4443 1568 4507 Prunnsee‚
1594 4443 1662 4496 itein
1681 4443 1844 4513 Hiltprandi
1862 4441 2007 4496 marscalci
2026 4441 2060 4495 de

713 4529 877 4592 Biberbuch,
896 4529 1004 4592 militis,
1026 4531 1100 4584 1410.

400 4613 441 4665 22.
525 4613 624 4669 Xkal.
661 4615 732 4667 dnn.
753 4615 886 4670 Friderici
906 4618 935 4669 et
952 4616 1078 4671 Hainrici
1097 4616 1214 4670 duorum
1234 4617 1353 4669 instrum
1372 4615 1407 4669 de
1425 4615 1588 4670 Hilrnheim.

400 4700 442 4753 25.
499 4700 552 4755 VII
569 4702 626 4756 kal.
662 4702 734 4753 Anu.
754 4702 863 4755 Alberti
882 4703 1020 4757 Pinneter
1038 4707 1066 4757 et
1085 4703 1201 4757 duarum
1222 4720 1338 4756 uxorum
1358 4702 1425 4756 eius.

400 4789 442 4842 26.
511 4788 549 4842 VI
568 4789 624 4844 kal.
661 4788 733 4841 Anu.
758 4787 909 4842 Eberhardi
934 4789 1004 4844 dicti
1027 4790 1265 4844 Weischenfelder
1292 4789 1398 4842 militis.
1436 4787 1485 4842 Ob.
1511 4789 1654 4842 Conradus
1679 4787 1767 4842 fidelis
1791 4787 1854 4840 abb.
1874 4785 2061 4841 Caesariensis

713 4875 758 4928 Vl.
781 4877 854 4930 1229.

399 4961 443 5014 28.
511 4961 550 5015 IV
569 4962 626 5016 lrnl.
665 4961 736 5014 Anu.
756 4961 879 5016 'Conradi
903 4963 938 5017 de
964 4965 1146 5034 Rechenberg
1168 4964 1292 5018 senioris.
1328 4963 1378 5017 Ob.
1396 4963 1532 5031 Georgius
1551 4961 1774 5016 Hintzenhauser
1795 4977 1849 5014 sac.
1867 4959 1897 5013 in
1916 4960 2063 5022 Zimmeru,

714 5066 768 5102 sac.
783 5051 812 5102 et
824 5067 859 5104 ur.
874 5052 950 5104 1492.

506 5260 528 5326 1)
547 5258 629 5312 Dedit
650 5267 681 5313 19
696 5261 726 5313 o
746 5259 783 5312 H.
858 5287 859 5290 ¹
892 5261 914 5326 e)
933 5258 989 5311 Pro
1011 5259 1066 5312 illis
1088 5258 1195 5311 dioutar
1219 5257 1365 5309 annuatim
1389 5256 1470 5309 otissa
1494 5254 1531 5308 ad
1553 5255 1639 5308 altore
1660 5271 1680 5307 s.
1701 5253 1800 5307 Crucis.
1911 5256 1933 5321 a)
1957 5254 2062 5306 Manus

400 5345 487 5400 altera
505 5344 623 5398 addidit:
649 5345 716 5398 Non
734 5347 849 5413 lepatur,
868 5345 934 5411 quia
952 5343 1050 5397 dicitur
1067 5345 1164 5398 beatus.
1270 5347 1292 5408 4)
1311 5344 1354 5396 De
1372 5360 1401 5396 eo
1418 5343 1501 5396 clatra
1518 5341 1652 5394 emiliam
1669 5341 1902 5408 subpocna‚1rro
1918 5357 1973 5408 qao
1990 5340 2063 5393 dedit

400 5438 504 5486 micam
520 5434 646 5501 florenos,
666 5449 732 5486 aaa.
752 5431 810 5484 eius
828 5431 907 5483 etiam
925 5429 1105 5483 &bundam
1122 5435 1179 5483 erat
1196 5429 1239 5482 die
1257 5437 1299 5482 20.
1318 5435 1342 5482 et
1359 5429 1401 5482 dic
1418 5437 1458 5482 24.
1478 5427 1583 5480 uranii.
1690 5429 1712 5490 s)
1732 5426 1775 5479 Dc
1797 5427 1842 5479 illo
1860 5430 1884 5477 et
1902 5441 1986 5477 uxore
2005 5425 2063 5478 eius

398 5519 477 5574 aad
497 5519 689 5573 monasteriam
709 5516 881 5570 Fiazbaimcr
900 5515 1010 5569 Germdi
1032 5515 1069 5568 ad
1093 5521 1184 5569 bisace
1205 5516 1330 5569 amnas.
1436 5516 1458 5580 s)
1478 5511 1619 5566 Dedenmt
1641 5512 1752 5565 culicem.
1858 5512 1880 5577 r)
1900 5509 1983 5563 Dedit
2001 5519 2016 5563 4
2035 5511 2063 5577 fl.

399 5606 436 5658 ad
452 5624 521 5659 nora
540 5606 647 5658 altaria.
755 5607 776 5665 s)
796 5604 863 5670 Eps.
884 5601 1088 5656 Rutisboncrasis
1104 5601 1187 5655 buius
1205 5601 1320 5654 mininis
1338 5617 1394 5653 ison
1412 5600 1485 5667 vixit,
1504 5604 1543 5652 est
1560 5599 1650 5666 corrip.
1671 5597 1820 5664 Crinradus,
1840 5615 1905 5649 acm
1919 5595 2063 5650 conradus

400 5694 452 5747 IV.
471 5711 521 5762 epa
542 5691 746 5746 Rutisboneasis
764 5690 802 5744 ob.
821 5701 843 5745 9.
863 5690 967 5759 Aprilis
986 5696 1054 5743 1226.
