4366 6428
690 409 963 496 *Nncaouoewu
980 412 1266 468 UESPRINGENSE.

148 583 193 638 18.
251 583 304 637 XV
323 583 380 640 kal.
416 581 475 638 Sor.
493 581 627 638 Hiltruda
644 583 680 638 de
697 584 921 640 Weaterstettsn.

148 671 195 725 21.
249 669 305 724 XII
323 669 380 724 kal.
415 667 728 726 116116116161111611.

149 757 195 811 22.
267 756 308 812 XI
325 756 381 812 hal.
417 754 560 810 Corradus
578 755 694 811 Geasler.

150 844 197 899 23.
279 843 380 900 Xkal.
415 843 495 900 Wolf
510 845 546 900 de
563 843 645 900 Staio
662 843 697 899 16
715 843 867 900 Kirchaim.

150 931 196 986 24.
265 930 306 985 IX
324 930 381 986 kal.
416 931 556 996 hibertus,
574 931 670 1001 Euger
687 933 716 986 et
733 931 864 986 Walther
880 930 979 986 fratres
997 933 1026 985 et
1044 930 1161 1000 equites,
1179 930 1341 998 fundatores
1359 931 1476 988 cenobii.
1552 962 1553 965 =

152 1018 198 1072 21.
238 1017 308 1071 VIII
326 1016 388 1071 kal:
416 1018 473 1074 Sor.
491 1017 594 1073 Ursule
611 1016 646 1072 de
665 1016 754 1072 Stain.

152 1103 196 1158 26.
251 1103 306 1158 VM
324 1103 381 1159 kal.
416 1103 580 1243 Adellhalipir
599 1103 638 1242 lile
656 1103 790 1174 Bergach.
827 1102 956 1158 ludenda
974 1103 1077 1158 Eihliu.
1111 1101 1169 1158 Sor.
1188 1103 1380 1174 chunegunda
1398 1103 1433 1158 16
1452 1103 1629 1175 Tischingeu.
1667 1102 1809 1159 Conradus

487 1206 502 1244 6
550 1205 598 1243 uso
619 1205 746 1259 euwung.

152 1275 195 1330 21.
265 1275 306 1331 VI
324 1276 382 1332 kal.
417 1275 559 1332 conradus
577 1275 680 1330 Fihlin

153 1362 195 1416 29.
265 1361 308 1416 IV
326 1363 383 1418 lraI.
418 1363 476 1418 Sor.
493 1362 659 1418 adelhaida.

154 1449 196 1504 30.
263 1448 307 1504 III
325 1450 382 1506 kal.
416 1449 551 1505 Dominus
569 1449 687 1504 Ioannes
705 1447 768 1502 abb.
786 1447 949 1503 monasterii
967 1465 987 1502 a.
1006 1447 1120 1517 Georgii
1138 1447 1169 1502 in
1186 1447 1327 1517 Hercynia
1344 1445 1442 1517 Sylva,
1460 1449 1543 1504 huius
1560 1449 1681 1504 nominis
1698 1447 1808 1513 tertius,

467 1535 593 1606 superior
603 1535 634 1589 in
644 1534 818 1606 Urspriugeu
831 1537 860 1588 et
872 1532 990 1603 capituli
1002 1533 1183 1602 provincialis
1196 1532 1302 1587 ordinis
1314 1551 1335 1588 s.
1345 1533 1490 1590 Benedicti
1499 1535 1679 1592 Constantiae
1692 1551 1809 1606 praeses,

468 1623 586 1678 Ioannes
604 1621 640 1676 16
658 1621 842 1676 Westeruach
861 1619 976 1689 eiusque
993 1636 1064 1674 uxor
1081 1621 1163 1674 Anna
1181 1620 1215 1674 de
1234 1619 1348 1676 Weiler.

188 1749 194 1762 .
278 1710 305 1764 11
324 1710 379 1765 Iral.
416 1712 497 1764 Anna
517 1709 551 1764 de
569 1708 732 1764 Graveueclr
750 1711 819 1762 nuta
837 1706 1014 1776 Schillingin.
1049 1706 1185 1761 Hearicus
1203 1706 1297 1772 Ituch,
1323 1706 1447 1762 Barbara
1465 1707 1560 1764 Eihlin
1577 1725 1659 1771 uxor,
1683 1708 1809 1774 Ioannes,

466 1795 668 1866 Wolfgaugus,
693 1793 834 1864 Benigno,
853 1792 1045 1862 chunegunda
1062 1791 1126 1857 filii,
1144 1791 1292 1848 Udalricus
1310 1792 1405 1848 Fihliu
1423 1794 1539 1864 eiusque
1557 1811 1626 1849 uxor
1644 1794 1757 1864 Agatha
1774 1791 1809 1848 de

467 1881 657 1938 Hortenstein.

819 2021 1138 2098 FEBRUARIUS.

191 2201 197 2214 .
325 2162 381 2216 Iral.
417 2159 563 2216 Udalricus
582 2158 700 2214 Laidolf.
730 2155 887 2226 Margarita
904 2156 939 2212 de
957 2155 1130 2212 Graffeneck.
1164 2155 1280 2226 Brigida
1298 2156 1472 2228 Ungelterin.

190 2290 196 2301 .
268 2247 309 2300 1v
327 2264 391 2302 non.
418 2247 559 2303 Comedus
577 2247 612 2301 de
631 2243 719 2300 Staio.
747 2243 897 2314 Euggarda
915 2243 950 2298 de
968 2243 1164 2298 Warthausen.

189 2374 196 2386 .
268 2333 310 2388 111
328 2352 392 2389 non.
419 2333 555 2388 Henricus
573 2331 608 2387 16
626 2330 819 2400 Steiaslingen.

191 2461 196 2473 .
281 2421 308 2473 Π
326 2437 391 2475 non.
417 2421 551 2477 Dominus
568 2419 704 2474 Henrious
722 2417 785 2472 abb.
804 2416 831 2471 S.
850 2415 963 2487 Georgii
981 2417 1150 2486 Hercyniae,
1168 2417 1252 2472 huius
1270 2416 1391 2472 nominis
1409 2418 1538 2486 quartus,
1557 2417 1681 2488 superior
1700 2419 1728 2472 et
1746 2415 1811 2472 visi·

466 2508 543 2562 tator
560 2505 590 2560 in
608 2503 790 2575 Urspriugen.
819 2503 976 2560 adelheida
993 2505 1028 2559 de
1046 2505 1213 2561 Wildenaw.
1243 2505 1325 2560 Anna
1342 2505 1378 2561 de
1396 2503 1554 2576 Kfingseck.

191 2635 197 2646 .
326 2610 391 2648 nou.
419 2592 582 2650 Chuni-adue
600 2591 635 2646 (16
653 2589 854 2661 Steyssliugen.
884 2591 1031 2647 Udalricus
1049 2592 1158 2647 Giwita.
1189 2595 1272 2648 Anna
1288 2592 1323 2647 de
1341 2591 1459 2648 Stadion
1477 2591 1615 2647 monialis,

191 2721 198 2734 .
240 2678 307 2733 VIII
325 2679 363 2734 id.
416 2679 550 2734 Dominus
567 2677 725 2733 Eridericus
750 2691 818 2732 com.
842 2677 985 2746 palatinus
1008 2676 1043 2732 de
1062 2677 1229 2749 Tuwingen.
1267 2677 1419 2734 catharina
1437 2677 1471 2732 de
1490 2676 1633 2748 Isenburg.
1668 2675 1811 2731 Elisabeth

468 2765 503 2820 de
523 2762 689 2819 Villenbach
707 2762 845 2817 monialis.

190 2893 197 2906 .
256 2853 309 2906 VM
327 2852 364 2908 id.
417 2851 526 2907 Hailica
544 2851 579 2905 de
597 2848 752 2918 lustingen.
782 2847 841 2904 Sor.
859 2847 1013 2918 Margarita
1031 2847 1066 2903 de
1085 2847 1261 2921 Graffenegg.

191 2983 197 2996 .
283 2939 309 2992 V
328 2938 365 2995 11.
417 2941 500 2994 Anna
518 2939 553 2993 de
571 2935 775 2992 Westemach.¹

191 3067 198 3081 .
268 3025 308 3080 IV
326 3025 364 3080 id.
417 3024 619 3082 ndelneidade
632 3022 822 3079 Schnriecheu.
852 3019 963 3077 Sorores
976 3022 1085 3087 Ursulo,
1103 3020 1260 3088 Elisabeth,
1277 3023 1426 3086 Dorothea,
1444 3039 1593 3092 germanae
1609 3021 1644 3076 de
1657 3022 1811 3078 Graffneclr.

467 3110 615 3167 Udalricus
634 3109 668 3164 de
687 3109 770 3164 Ulmo
788 3108 903 3176 eiusque
921 3125 991 3163 uxor
1009 3109 1111 3179 Agnes.

191 3240 196 3253 .
265 3199 306 3254 III
324 3199 363 3254 id.
415 3197 591 3254 Eberhardus
610 3197 644 3252 de
663 3195 725 3249 Boll
742 3193 905 3248 monasterii
923 3193 1097 3264 Urspringen
1114 3194 1265 3265 singularis
1283 3193 1452 3249 benefactor.

154 3286 197 3340 12.
279 3287 306 3341 II
324 3285 362 3341 id.
416 3285 504 3341 Gutta
522 3287 552 3339 et
570 3301 621 3338 sor.
639 3281 809 3338 Mechtildis.
839 3281 922 3336 Anna
939 3280 974 3335 de
992 3280 1164 3351 Sulmingen.

157 3374 198 3427 13.
326 3371 365 3426 id.
421 3371 605 3442 Wolfgsugus
623 3370 658 3424 de
677 3367 756 3424 Stein
775 3370 804 3422 et
820 3365 988 3437 Iungiugen.

156 3459 196 3512 14.
239 3458 304 3514 XVI
323 3459 378 3514 hal.
414 3456 577 3528 Luggardis.
617 3455 674 3512 Sor.
693 3457 787 3525 Agnes
805 3452 998 3523 Wilringerin.
1033 3455 1123 3509 Gutta
1146 3452 1180 3508 de
1205 3453 1359 3524 Leiuiugen
1383 3453 1491 3522 611111)
1517 3454 1642 3508 Brunser.
1677 3452 1810 3508 Dominus

465 3544 618 3600 Staimerus
636 3541 695 3596 dec.
713 3540 748 3595 16
766 3538 883 3594 Sieseen.
912 3539 1024 3594 Nobilis
1042 3538 1223 3594 Burkhardus
1241 3540 1276 3594 16
1294 3540 1449 3594 ElIerbach.

156 3633 197 3686 15.
255 3631 308 3685 XV
326 3631 381 3686 kal.
416 3631 579 3686 Elisabetha
596 3629 631 3684 de
648 3627 806 3696 Neningen.
839 3625 996 3696 Margarita
1012 3624 1047 3680 16
1065 3626 1256 3681 Westernuch.

157 3717 197 3770 16.
238 3717 305 3772 XIV
322 3718 380 3774 kal.
414 3717 577 3774 1161161111
596 3716 631 3772 16
649 3715 678 3769 Ε.
709 3711 854 3768 Elisabeth
871 3712 975 3767 Ruhin.
1006 3712 1160 3768 catharina
1177 3713 1212 3768 de
1231 3713 1320 3768 Tauu.
1350 3713 1517 3768 Bertholdus
1536 3713 1570 3767 de
1589 3713 1677 3768 Staiu.

157 3803 198 3858 17.
239 3805 307 3860 XIII
325 3805 382 3860 kal.
416 3805 474 3862 Sor.
492 3802 653 3860 Mechtildis
670 3802 705 3856 16
722 3801 821 3854 Buten.
852 3799 934 3854 Anna
952 3799 987 3855 de
1005 3800 1192 3872 Grueningen.

158 3891 197 3944 18.
254 3890 308 3946 XII
326 3891 382 3946 Iral.
417 3891 476 3947 Sor,
494 3890 639 3946 Elisabeth
655 3886 826 3943 truchstasin
844 3886 879 3940 de
896 3886 1063 3958 Waldburg.

157 3979 197 4032 19.
269 3977 308 4032 XI
326 3977 382 4032 kal.
417 3978 527 4034 Nobilis
545 3975 724 4032 Burkhardus
742 3975 777 4028 de
794 3973 949 4038 Ellerbaoh,
968 3976 1153 4044 cognomento
1172 3974 1293 4045 Longus.

156 4064 199 4118 20.
225 4086 226 4089 ’
283 4064 309 4118 X
327 4063 384 4120 kal.
419 4065 552 4120 Judunda
571 4063 674 4118 Eihliu.
704 4062 846 4118 Gonradus
864 4063 899 4118 de
916 4063 1141 4133 Moschenwang.
1172 4063 1288 4118 Iacobus
1306 4065 1340 4118 de
1359 4064 1523 4118 Iirombach.

156 4151 199 4206 21.
267 4151 305 4205 IX
323 4151 380 4205 kal.
415 4151 534 4206 Domina
552 4150 646 4219 Agnes
665 4158 741 4204 eom·
758 4147 793 4202 de
810 4147 975 4218 Kirchberg.

158 4237 200 4291 21
255 4237 307 4294 VII
324 4238 381 4293 kal.
416 4237 607 4306 Ilellenburga
625 4235 659 4291 de
678 4234 879 4305 Steysslingeu.
909 4234 1076 4289 Anshelrnus
1095 4235 1129 4289 de
1147 4235 1267 4291 Hauseu.

158 4323 202 4376 21
270 4323 309 4377 VI
326 4324 382 4380 kal.
417 4323 572 4380 adelheida
591 4320 703 4376 Kaibin.
734 4319 914 4392 Hildegunda
932 4319 1062 4376 Schedia.

159 4409 202 4464 25.
284 4410 381 4465 Vkal.
416 4410 527 4467 Nobilis
545 4407 687 4465 Conradus
705 4407 740 4464 16
758 4409 842 4464 Baeh.
876 4408 1029 4478 Ortolphus
1047 4409 1125 4464 Ruch
1149 4408 1265 4479 eiusque
1283 4427 1352 4465 uxor
1369 4409 1501 4464 Hiltruda
1519 4409 1554 4463 16
1572 4408 1808 4478 SulmeudIngeu²

467 4501 497 4552 et
514 4496 573 4552 fllia
590 4497 674 4551 Anna
691 4495 726 4549 de
744 4493 908 4565 Entaberg⁸.

161 4583 202 4636 26.
270 4585 307 4638 IV
324 4585 381 4639 kal.
415 4583 530 4640 Nobiles
539 4582 708 4638 Wilhslmus
721 4583 750 4636 et
762 4582 879 4636 Ioannes
892 4581 927 4636 de
939 4581 1028 4637 Staiu.
1056 4581 1200 4636 Elisabeth
1213 4581 1430 4653 deanringen.
1456 4582 1569 4651 Gerwig
1580 4581 1615 4636 16
1625 4579 1808 4636 (1161611611.4

161 4669 204 4720 21.
269 4671 308 4725 III
326 4671 380 4726 hal.
414 4671 520 4742 Sophia
537 4671 572 4724 de
589 4671 619 4723 E.
650 4668 708 4723 Sor.
726 4668 791 4722 Itha
809 4668 844 4723 de
862 4668 1069 4739 Schellrlingen.
1099 4668 1209 4723 Nobilis
1228 4668 1344 4723 Ioannes
1363 4668 1397 4723 de
1415 4669 1504 4724 Stain.

162 4755 204 4809 26.
287 4757 382 4812 IIIral.
416 4759 551 4814 Henricus
569 4755 671 4811 Fihliu.
701 4755 858 4812 Bobolenus
876 4755 911 4811 de
929 4755 1018 4810 Staio.
1048 4755 1106 4811 Sor.
1125 4755 1228 4812 cecilia
1246 4755 1281 4810 16
1293 4755 1441 4826 Ereyberg.
1474 4755 1532 4812 Sor.
1544 4754 1657 4810 Beatrix
1672 4753 1807 4809 Eetnerin.

870 4952 1098 5030 MARTIUS.

185 5085 210 5140 1.
331 5086 384 5142 kal.
420 5087 517 5143 Gutta.
545 5085 764 5158 Hildegardade
777 5085 977 5156 Steysslingen.
1008 5085 1334 5157 Ursnludelionigseck.
1364 5085 1422 5140 Sor.
1435 5084 1577 5140 Elisabeth
1590 5086 1624 5140 de
1636 5086 1806 5141 Ehestetten

185 5172 210 5224 2.
277 5171 313 5225 VI
328 5190 389 5228 non.
416 5173 551 5229 Dominus
568 5173 711 5230 (1611161111
733 5173 767 5227 (16
786 5173 891 5243 Gappel
909 5172 969 5242 pbr.
1000 5172 1119 5227 Domina
1137 5172 1294 5244 Luggardis
1317 5173 1351 5228 de
1370 5171 1472 5242 Nyffeu
1489 5183 1573 5227 coma
1605 5171 1715 5227 Nobilis
1732 5173 1807 5226 Hen-

467 5261 541 5316 ricus
559 5261 593 5316 de
611 5259 747 5330 honburg
764 5275 855 5328 eques,
876 5261 959 5314 huna
976 5258 1011 5314 de
1028 5257 1148 5313 Elrhach
1167 5276 1236 5314 uxor
1254 5259 1321 5323 eins,
1338 5258 1485 5314 Heinrious
1502 5258 1575 5313 filius
1594 5275 1696 5323 sorum,
1715 5274 1807 5327 eques.

189 5343 214 5396 ³.
292 5344 314 5398 V
330 5363 390 5402 non.
416 5349 474 5405 Sor.
492 5348 637 5404 Elisabeth
654 5347 689 5402 16
707 5345 908 5416 Steysslingeu.
937 5345 1048 5401 Nobilis
1066 5346 1202 5402 Henricus
1220 5346 1255 5400 dc
1272 5346 1489 5415 Muschenwang
1506 5345 1566 5415 pbr.

183 5614 189 5624 ,
279 5535 986 5601 siacumrmanaaanuaaaa.
1091 5538 1807 5610 siummmanaarraa

178 5621 501 5682 maasiam.
579 5625 1516 5698 auersamsaaarmmomuaaanaaraa.
1594 5625 1807 5695 sicariam:

183 5697 896 5817 Quaamapaaaoeowao.
