4334 6442
627 392 893 448 NECROLOGIUM
913 394 1232 450 Pnnolsflossnon.
1695 405 1758 466 675

101 578 141 632 19.
182 577 251 632 XIII
268 575 324 630 kal.
361 565 614 632 Burchsrdus
636 589 679 633 m.
713 567 845 633 Mathilt
867 569 889 632 l.
922 568 1075 635 Uotecha
1098 592 1159 635 sor.

100 683 143 736 20.
198 681 250 734 IIII
269 680 325 734 kal.
361 671 561 736 Folmsrus
577 670 671 753 abb.‚
688 673 764 737 iste
780 673 993 758 acquisivit
1008 673 1223 740 Rietilinis.
1253 675 1514 760 Engilmarus.
1544 675 1757 743 Pezilinns.

410 773 629 840 Ebernandus
653 777 731 841 cler.
764 775 958 842 Walthcrus
981 799 1075 864 ppos.
1100 778 1134 844 S.
1157 780 1328 866 Stephani.
1365 796 1408 850 Fr.
1430 796 1579 851 Heinricus
1605 795 1639 850 ds
1664 796 1760 851 stoka.

410 879 556 933 Elisabeth
575 878 610 932 de
628 880 832 934 Romanshorn.

100 979 141 1032 21.
210 976 249 1030 xl
267 976 323 1029 kal.
359 966 573 1052 Egilolfus.
618 967 792 1033 Trutlint
827 990 916 1049 son,
951 970 1021 1034 hec
1053 969 1164 1036 dedit
1194 973 1296 1059 apud
1325 973 1504 1059 Fispach.
1550 971 1686 1038 Judinta
1720 971 1760 1036 de

409 1069 626 1158 Bregantia⁸)
650 1094 713 1137 sor.
748 1072 896 1138 Riwinus
920 1072 993 1138 abb.
1018 1073 1058 1140 de
1084 1074 1209 1141 Steinc.

99 1186 140 1240 22.
223 1184 323 1238 Xkal.
358 1174 585 1241 Bertoldus.
615 1175 815 1240 Berhtoldus
838 1175 972 1241 custos*
995 1176 1146 1243 Uolricus
1170 1201 1242 1244 can.

98 1291 140 1344 23.
211 1288 250 1342 III
267 1287 325 1341 kal.
359 1277 627 1343 Herimsnnus
651 1301 692 1343 m.
727 1278 901 1344 Willsbiro
925 1302 987 1348 sor.
1023 1279 1240 1346 Gebehardus
1263 1305 1305 1348 m.
1341 1298 1450 1354 Ulricus
1474 1300 1508 1354 de
1527 1298 1665 1370 Emingen
1687 1298 1760 1353 diac.

409 1398 469 1436 can.
488 1381 603 1436 ecclesie
620 1401 641 1437 s.
660 1382 793 1436 Iohannis
810 1383 982 1450 constantie,
1001 1383 1080 1438 cuius
1098 1401 1164 1439 ann.
1182 1386 1306 1440 colitur.¹

133 1523 140 1534 .
181 1479 249 1534 VIII
265 1479 322 1535 kal.
358 1471 629 1537 Herimannus.
665 1472 796 1536 Erlint
819 1494 894 1538 sor.
930 1471 1134 1539 Starohollus
1158 1476 1235 1540 cler.
1271 1489 1365 1545 Gisels
1383 1489 1418 1546 dc
1437 1490 1525 1546 stoka
1542 1491 1560 1547 l.

134 1627 141 1640 .
194 1584 246 1638 VII
264 1583 321 1636 kal.
357 1574 570 1640 Bertoldus
601 1574 701 1650 abb,
732 1576 808 1640 iste
838 1581 925 1660 post
948 1575 1091 1641 Theod.
1122 1577 1269 1663 prefuit
1297 1599 1417 1644 annos
1448 1583 1506 1660 10,
1539 1581 1651 1644 homo
1675 1580 1755 1665 pin-

410 1680 638 1766 guissimus,
662 1685 699 1743 et
720 1680 804 1764 ipso
829 1679 1054 1743 comminuit
1077 1687 1304 1766 argenteam
1329 1682 1503 1748 tabulam
1519 1706 1544 1750 s.
1562 1683 1757 1768 Gregorii.

124 1795 139 1846 ·.
209 1792 247 1846 VI
265 1790 321 1844 kal.
357 1782 553 1848 Bertholdus
576 1804 619 1846 m.
660 1781 852 1846 Guonradus
880 1789 914 1847 et
935 1782 1129 1848 Adelhaidis
1158 1785 1179 1848 l.
1218 1799 1281 1869 (Ob.
1304 1801 1442 1856 Iohannes
1469 1801 1637 1872 Muntprsut
1660 1802 1757 1872 saelig,

407 1887 456 1940 der
474 1887 552 1950 alter,
571 1885 628 1940 und
646 1886 714 1940 frow
735 1887 848 1956 Agatha
864 1885 1037 1955 Hnmppissi‚
1056 1887 1100 1940 sin
1119 1887 1193 1942 elich
1211 1889 1349 1958 gmachel‚
1368 1889 1426 1943 und
1439 1889 1577 1944 Iohannes
1590 1890 1759 1959 Muntpraut

406 1992 446 2027 zw
460 1973 524 2028 dem
537 1973 636 2037 Kemli,
653 1973 695 2027 sin
709 1991 769 2037 sun,
789 1971 846 2026 und
858 1973 927 2027 frow
943 1973 1073 2028 Susanna.
1087 1975 1144 2042 (sic)
1158 1991 1213 2029 von
1226 1975 1387 2039 Helmstorf,
1406 1975 1450 2030 sin
1464 1975 1536 2030 clich
1549 1977 1679 2046 gemahel
1692 1978 1757 2044 etc.)

114 2070 138 2122 ”.
220 2067 320 2124 Vkal.
356 2061 627 2127 Herimannus.
661 2061 798 2128 Hess0.
833 2062 1013 2128 Adilheit
1036 2083 1108 2127 sor.
1142 2063 1339 2128 Folchart.
1375 2063 1575 2129 Glismuot
1598 2065 1618 2130 l.

131 2213 138 2226 .
209 2173 322 2227 Ivkal.
356 2165 575 2231 Hunoldus.
608 2165 800 2231 Fridirun.
836 2167 1014 2234 Henricus.

114 2315 138 2331 ..
206 2276 245 2329 ΙΙΙ
263 2275 319 2330 kal.
356 2269 599 2334 Walcuonus.
640 2269 789 2335 Gabino
820 2270 866 2335 de
897 2271 1165 2357 Pfrnwangin‚
1197 2273 1272 2336 iste
1304 2272 1413 2338 dedit
1443 2272 1755 2359 Ringginwilare

407 2379 445 2438 et
466 2374 828 2440 Frimanniswilarc
861 2382 901 2441 et
923 2376 1281 2441 Tankiratewilare
1310 2384 1349 2442 et
1379 2379 1558 2464 optimam
1584 2378 1753 2442 casulam

407 2478 536 2543 crocei
560 2478 716 2543 coloris.
751 2478 967 2545 Burohlint.
1003 2479 1207 2547 Ouonradus.

94 2591 138 2645 30.
218 2590 244 2643 II
261 2590 318 2645 kal.
353 2581 555 2648 Bertholdus
578 2583 599 2648 l.
634 2581 771 2648 Adilhet
792 2583 813 2648 l.
849 2582 992 2649 Offemia
1013 2605 1077 2651 sor.

112 2852 136 2904 1.
261 2847 318 2902 kal.
353 2841 488 2907 Pezila
511 2840 533 2903 l.
805 2773 1045 2852 OCTOBER'

111 2954 136 3007 2.
205 2951 245 3006 Vl
263 2969 327 3006 non.
355 2947 468 3011 Azao.
505 2942 622 3008 Otino
646 2944 668 3007 l.

111 3057 135 3112 3.
216 3055 242 3108 V
260 3073 324 3110 non.
352 3047 570 3116 BertolduS.
606 3046 695 3111 Otto.
728 3062 781 3118 Hic
807 3062 970 3118 secundario
995 3064 1098 3119 colitur
1119 3082 1184 3120 ann.
1203 3065 1342 3121 Ouonradi
1366 3065 1401 3120 de
1420 3065 1610 3136 Clingenberg
1632 3067 1674 3136 epi
1694 3066 1753 3119 Iri-

404 3170 447 3207 srn
469 3168 550 3206 ensis.

110 3247 135 3302 4.
202 3246 242 3302 Ν
260 3263 325 3301 non.
351 3171 584 3305 Ruodolfus.
619 3236 834 3322 Sigimarus
858 3259 900 3301 m.
935 3237 1121 3303 Adilheit
1144 3240 1164 3304 l.

127 3383 133 3395 .
202 3341 243 3395 III
260 3359 326 3398 non.
352 3341 489 3396 Hannicus
506 3340 542 3394 de
560 3339 731 3408 Kn'rzlingcn
749 3338 822 3404 abb,
840 3338 919 3393 cuius
937 3357 1003 3396 ann.
1021 3341 1131 3396 colitur.

109 3344 133 3492 d.
213 3437 239 3490 11
258 3454 323 3491 non.
351 3430 561 3495 Richollus.
595 3427 760 3508 Henricus
784 3429 804 3493 l.
840 3425 1045 3493 Ouonradus.

110 3542 134 3594 I.
258 3558 322 3596 non.
350 3533 579 3599 Ruodolfus.
614 3531 760 3617 Witigo
789 3532 886 3617 pbr,
917 3533 994 3597 iste
1025 3534 1118 3598 emit
1141 3555 1161 3599 a
1183 3535 1419 3599 monasterio
1442 3540 1593 3620 partem
1618 3531 1746 3619 predii

400 3637 631 3722 Frichingin
655 3642 694 3701 et
716 3634 882 3701 tradidit
905 3635 1003 3701 illud
1018 3637 1158 3702 iterum
1175 3658 1219 3703 ea
1236 3637 1476 3719 conditione,
1500 3635 1747 3702 utfratribus

400 3743 490 3808 inde
505 3741 576 3806 hac
594 3738 655 3804 die
672 3737 879 3805 serviatur.
914 3739 1085 3826 Manegolt
1098 3741 1118 3805 l.
1155 3739 1359 3807 Ouonradus.
1388 3741 1531 3805 Hemma
1544 3762 1608 3806 sor.
1638 3741 1746 3805 Onon-

401 3846 500 3912 radus
523 3847 545 3911 l.

107 3961 131 4011 8.
175 3957 240 4011 VIII
259 3957 296 4011 id.
349 3949 541 4036 Wolpcro.
577 3945 818 4011 Ouonradus.
852 3947 1040 4028 Heinricns,
1066 3950 1127 4014 hac
1150 3949 1201 4015 die
1225 3949 1363 4016 debetur
1387 3951 1481 4014 nobis
1503 3951 1681 4015 ministrari
1705 3950 1746 4014 de

401 4052 651 4120 Judintunbere.

106 4165 131 4219 9.
188 4165 240 4220 VH
258 4165 296 4218 id.
348 4160 576 4246 Ruopertus
598 4175 641 4217 m.

92 4269 131 4322 10.
202 4268 241 4322 v1
258 4267 296 4321 id.
350 4263 480 4328 Mehtilt
501 4261 524 4326 l.

91 4373 131 4427 11.
215 4371 295 4426 Vid.
348 4364 571 4433 Bertoldus.
605 4360 779 4426 Elisabeth
803 4370 900 4424 com⁸.

91 4477 130 4530 la.
200 4476 294 4532 lvio.
347 4469 550 4535 Witoldus.
584 4464 828 4530 Adilbertus.
864 4463 1078 4529 Elisabeth
1102 4467 1123 4529 l.

91 4580 130 4634 13.
199 4579 239 4633 III
257 4579 295 4636 id.
347 4573 557 4640 Paldiwinus.
595 4573 769 4638 Marcwart
789 4573 810 4636 l.
849 4571 1005 4636 Adelhait
1026 4571 1047 4634 l.
1081 4571 1255 4636 Rudolfus.
1294 4587 1440 4642 conradus
1465 4587 1500 4642 dc
1526 4589 1748 4662 Beimetfingsn]

398 4676 489 4732 dictus
509 4677 638 4732 Behain.²
668 4676 828 4744 (Hainricus
847 4677 941 4730 Murer
958 4692 1037 4746 ppos.
1056 4676 1172 4730 ecclesie
1190 4693 1211 4730 s.
1231 4675 1372 4741 Iohannis,
1391 4677 1471 4732 cuins
1489 4695 1555 4733 ann.
1573 4679 1695 4747 colitur.)

89 4771 130 4825 14.
211 4770 237 4824 ΙΙ
257 4771 294 4825 id.
346 4764 524 4830 Heinricus
548 4766 624 4831 cler.
658 4762 865 4830 Wernherus
889 4761 959 4849 pbr.

91 4877 129 4928 15.
254 4875 292 4929 id.
348 4868 510 4935 Gerwio.
544 4867 752 4933 Arnoldus.
787 4867 1055 4933 Reimboldus.
1090 4865 1372 4952 Reginhsrdus
1395 4890 1437 4932 m.
1472 4869 1614 4935 Amits.

91 4979 129 5032 lo.
157 4978 236 5033 XVII
254 4979 310 5034 kal.
346 4971 464 5059 Eppo.
495 4973 720 5038 Heinricus.
752 4971 931 5036 Adilheit
953 4971 973 5034 l.
1006 4971 1219 5036 Burohardus
1235 4971 1257 5035 l.
1273 4971 1314 5036 de
1330 4965 1564 5059 thinb[uro]‚
1588 4973 1640 5036 hic
1656 4973 1748 5038 dedit

396 5076 490 5140 nobis
520 5077 671 5161 predium
702 5076 789 5162 apud
821 5076 1039 5163 Stiuzilingen
1069 5085 1102 5142 et
1133 5078 1275 5143 debetur
1302 5077 1456 5142 fratribus
1491 5079 1553 5143 hac
1585 5077 1638 5144 dic
1671 5080 1747 5144 inde

397 5181 582 5245 ministrari.
615 5181 792 5246 Heinricus
816 5203 865 5248 cv.

89 5293 129 5346 II.
173 5292 235 5346 xvi
254 5293 310 5347 kal.
347 5282 495 5350 hdilheit
517 5285 538 5352 l.
557 5286 609 5350 ob.
643 5285 843 5351 Berhtoldus
867 5307 917 5352 cv.
951 5285 1132 5350 Ruodolfus
1160 5287 1269 5366 miles,
1298 5286 1427 5350 villicus
1450 5284 1492 5349 de
1515 5286 1746 5368 ...enburch

397 5391 460 5456 hac
490 5390 543 5456 die
573 5391 670 5456 datur
698 5389 879 5480 fr[atribus]
913 5398 924 5456 I
960 5392 1109 5477 quartale
1215 5391 1257 5455 de
1286 5390 1554 5478 possessionibus
1585 5391 1669 5480 siti[s
1699 5392 1744 5481 in]

189 5583 213 5646 ¹)
234 5585 306 5636 Uero
322 5602 376 5636 oon
394 5585 536 5650 leyendran.

191 5707 211 5770 ι)
230 5703 276 5758 R'.
294 5703 327 5757 de
345 5701 423 5757 Lim,
530 5707 553 5772 o)
572 5703 618 5757 R.
636 5703 667 5757 de
679 5703 844 5771 possessione
864 5701 1019 5770 Spuolom's.
