4304 6434
572 375 838 439 uncaonoolou
856 375 1203 439 nnoosnnoolausn.
1655 379 1718 448 445

55 560 99 616 22.
184 557 284 614 Xkal.
320 555 395 614 Com.
414 556 581 613 Alberchtus
599 556 635 611 de
652 556 824 626 Habspurg.¹

55 650 99 704 24„
144 648 209 702 VIII
227 648 283 704 kal.
319 645 504 715 marquardus
521 644 557 698 de
574 644 636 698 Liel
654 645 711 699 und
730 644 774 698 sin
791 644 859 699 frou
879 640 951 697 Elsa.
982 643 1109 697 Junkher
1127 641 1241 696 Hentali
1257 660 1312 698 von
1331 641 1477 712 Heydegg.
1507 642 1587 697 Frow
1600 641 1718 714 Engela‚

366 732 491 802 jankher
510 731 648 786 Hartman
668 748 723 786 von
741 730 859 800 Heydeg
876 729 981 782 wirtin.

55 823 99 876 25.
154 821 207 876 VII
225 820 281 876 kal.
317 819 438 874 Domina
456 817 608 874 Benedicta
626 817 660 872 de
680 815 804 879 Luceria,
821 814 916 869 fratris
935 815 985 868 Bu.
1005 812 1075 867 dicii
1093 812 1190 867 Berolt
1208 813 1342 884 [ιιιοτηι

759 1016 1029 1092 DECEMBER.

76 1181 100 1232 1.
224 1174 280 1228 kal.
317 1172 367 1227 Ob.
382 1172 508 1243 jnnkher
526 1171 651 1226 Andreas
668 1187 723 1227 von
741 1172 806 1234 Rot,
824 1169 874 1224 der
892 1185 946 1224 von
966 1166 1084 1237 Heydeg
1101 1165 1229 1230 bruoder,
1247 1165 1306 1219 und
1324 1165 1421 1220 Hensli
1439 1183 1495 1220 von
1513 1167 1578 1221 Roi.

74 1266 100 1319 2.
170 1263 209 1317 IV
228 1278 292 1316 non.
320 1259 492 1324 Notandum,
511 1257 586 1328 qnod
599 1259 717 1313 Hemma
735 1267 783 1312 cv*
802 1256 836 1311 de
850 1254 1010 1325 Leniabnrg
1027 1254 1097 1309 emib
1114 1254 1149 1308 de
1167 1253 1288 1324 propriis
1307 1254 1364 1308 suis
1376 1253 1518 1308 laboribus
1531 1254 1566 1309 10
1578 1254 1719 1324 quartalia

370 1347 459 1402 tritici
477 1346 513 1401 ad
535 1346 595 1400 eins
613 1363 678 1400 ann.
697 1362 748 1415 pro
767 1361 818 1399 sna
836 1344 927 1398 salute
946 1346 975 1397 ei
992 1342 1123 1397 Rnodolfi
1140 1342 1175 1396 de
1193 1341 1331 1396 Rubiswil
1349 1341 1459 1406 mariti,
1485 1341 1610 1396 Heinrici
1629 1343 1719 1412 patria

369 1451 402 1488 ao
419 1435 501 1488 Anno
519 1431 617 1486 matris
635 1431 666 1485 in
684 1427 850 1501 ponpeiuum
869 1429 1004 1484 Iratlibns
1022 1429 1120 1483 domus
1139 1428 1169 1482 in
1188 1428 1329 1483 HItzkiloh
1348 1428 1570 1498 persolvendum.

74 1525 100 1580 3.
166 1525 208 1578 111
226 1540 291 1577 non.
318 1521 438 1576 Suestcr
456 1519 577 1575 Gerdrub
594 1535 649 1573 ron
666 1517 900 1587 Gundeliingen.³

75 1616 100 1666 ι’).
226 1626 290 1664 non.
319 1606 377 1662 Sor.
395 1606 497 1662 Mecht.
517 1606 552 1659 de
571 1604 725 1674 Sandegg.⁴

95 1741 101 1753 .
158 1697 210 1750 VII
227 1695 264 1749 id.
318 1695 398 1748 Frow
417 1693 528 1762 Sophye
546 1708 602 1746 von
621 1691 746 1760 Heydeg.

75 1789 99 1838 ti
170 1784 209 1839 VI
227 1782 265 1836 id.
318 1778 515 1850 Conceptionis
527 1779 617 1833 Msrie
634 1778 711 1832 hand
729 1777 775 1831 die
794 1776 969 1832 under-tanen
987 1775 1135 1846 nffgeseini
1153 1776 1309 1830 ewenkiich
1328 1793 1359 1831 ze
1370 1777 1448 1831 vireu
1462 1776 1504 1830 als
1516 1775 1571 1830 den
1586 1774 1719 1844 Osiertag

370 1869 408 1937 by
430 1868 480 1922 der
498 1867 576 1930 huss,
600 1867 705 1920 tactum
724 1866 897 1928 snn01373‚
922 1864 967 1918 fiir
984 1864 1039 1918 den
1057 1865 1167 1934 gachen
1186 1863 1250 1928 iod,
1274 1864 1333 1918 nnd
1351 1865 1397 1918 die
1415 1865 1475 1919 boll
1495 1868 1524 1919 et
1542 1863 1719 1918 confirmavit

371 1972 428 2025 eps.
441 1952 664 2010 Constanbensis
682 1954 712 2006 ei
730 1952 781 2006 dai
799 1951 928 2006 omnibus
947 1951 1140 2021 penitentibus
1158 1951 1194 2006 ad
1213 1952 1358 2006 ecclesiam
1376 1952 1468 2022 ipsam
1484 1951 1519 2005 40
1530 1951 1719 2005 criminalium

371 2045 400 2096 ei
417 2046 433 2096 1
451 2059 557 2096 annum
575 2040 729 2094 venialium
747 2038 948 2109 indulgentias.

59 2134 100 2188 13.
227 2129 265 2184 id.
317 2128 444 2184 Junkher
462 2127 586 2182 Hilibolt
603 2145 659 2181 von
677 2125 814 2196 Heydegg
832 2125 888 2180 und
908 2125 976 2180 frow
995 2125 1116 2188 Iohann‚
1141 2125 1185 2179 sin
1203 2124 1313 2188 widin,
1336 2125 1412 2179 hand
1430 2128 1567 2195 gesetzet,
1585 2124 1635 2179 dns
1652 2142 1718 2178 man

365 2216 452 2286 jarzit
469 2214 562 2285 began
580 2214 621 2268 sol
639 2213 688 2267 des
706 2213 843 2268 lebenden
862 2213 903 2267 als
922 2213 971 2267 des
989 2216 1076 2280 boten,
1096 2215 1113 2266 b
1130 2215 1193 2266 miii
1209 2212 1315 2266 kernen
1333 2213 1417 2283 goliz.

58 2305 100 2357 17.
141 2303 207 2358 XVI
229 2304 284 2358 kal.
320 2303 439 2358 Domina
452 2304 545 2372 Agnes
564 2317 618 2354 von
631 2301 756 2370 Heydeg‚
776 2301 931 2356 herHeinr.
949 2299 1056 2370 seligen
1074 2299 1171 2354 wirtin
1188 2317 1244 2354 von
1257 2299 1374 2369 Heideg,
1393 2300 1452 2353 und
1470 2299 1494 2353 ir
1512 2301 1631 2364 ioehber,
1649 2300 1719 2355 frou

369 2391 464 2460 Agnes
483 2406 537 2444 von
556 2373 702 2458 elingens

57 2480 99 2533 26.
157 2477 210 2532 VH
228 2476 283 2530 kal.
319 2477 453 2532 Heinrich
470 2492 525 2530 von
544 2474 655 2540 Boswil,
674 2473 726 2538 Ita,
745 2473 788 2528 sin
806 2473 925 2528 widin·

56 2565 100 2619 31.
184 2563 210 2618 II
228 2563 284 2618 kal.
319 2565 377 2619 Her
394 2564 477 2618 Peter
493 2580 549 2618 von
567 2560 741 2627 Uotenhein‚
767 2561 918 2616 comendnr
935 2578 966 2615 ze
985 2560 1142 2624 Himkilch,
1166 2560 1231 2615 hart
1250 2561 1295 2614 tar
1311 2560 1358 2616 die
1375 2563 1392 2616 6
1410 2565 1485 2616 matt
1503 2563 1621 2625 konnen,
1640 2579 1671 2616 so
1689 2578 1720 2617 er

369 2667 400 2704 ae
418 2649 518 2704 Aliwis
541 2648 584 2702 uff
599 2649 711 2702 Hansen
734 2664 789 2702 von
808 2647 912 2701 Bubwil
936 2648 1105 2717 schnpossen
1129 2665 1160 2701 ne
1179 2647 1279 2701 Altwis
1303 2648 1434 2703 verkonii
1452 2649 1503 2703 hii
1520 2649 1578 2703 und
1597 2649 1665 2703 aber
1682 2667 1719 2703 nn

368 2736 414 2790 die
432 2735 521 2805 spond
539 2751 635 2789 armen
653 2735 733 2788 liiten
752 2734 786 2788 ut
800 2734 855 2787 den
873 2734 1003 2788 kilehhof
1017 2735 1176 2804 gehortonb,
1195 2735 1268 2789 nach
1280 2735 1373 2789 inhali
1391 2735 1440 2789 der
1452 2735 1628 2806 Eidgnossen
1641 2735 1718 2790 rodel

369 2823 490 2893 usgeleii
515 2823 567 2875 mit
585 2824 602 2875 3
619 2822 726 2876 andern
745 2822 914 2890 sehnpossen
932 2839 962 2876 ze
981 2822 1127 2892 Geltingen
1145 2822 1279 2891 gelegen‚
1302 2821 1360 2875 und
1378 2821 1416 2876 ist
1435 2822 1478 2876 dis
1497 2821 1669 2876 beschechen
1688 2820 1722 2875 uf

369 2911 485 2978 mentag
503 2925 552 2962 vor
570 2909 620 2962 der
638 2907 894 2963 Pfaffcniasnaehi⁷
914 2909 943 2962 in
962 2909 1025 2962 dem
1039 2909 1094 2978 jar,
1112 2908 1149 2962 do
1167 2925 1232 2962 mun
1252 2909 1309 2962 zali
1328 2909 1396 2962 1459
1410 2909 1465 2977 jar.

274 3685 786 3782 NEOROLOGIUM
819 3685 1499 3785 MAGDENAUGIENSE.

163 3931 355 4042 Marum
376 3959 861 4039 enumerationum
883 3957 1016 4022 erema
1033 3958 1317 4040 inquantum
1334 3958 1504 4038 Jnsmnu
1525 3958 1718 4024 namtas
1749 4039 1752 4048 Ἰ

57 4066 184 4130 ordinis
210 4063 438 4140 Oisterciensis,
468 4083 551 4143 quae
570 4065 679 4144 primo
705 4064 742 4125 iu
765 4061 828 4127 loeo
851 4062 935 4126 dieto
955 4061 1064 4127 Briibt
1085 4063 1175 4143 apud
1196 4063 1352 4126 eimtatem
1375 4062 1610 4145 Sanaalbruem
1631 4066 1716 4128 uiae-

56 4175 145 4247 runt,
169 4169 256 4233 eirea
277 4189 400 4232 annum
422 4169 506 4230 1244
529 4168 649 4231 emaditi
670 4172 700 4230 et
722 4166 827 4230 adbuc
841 4167 974 4248 uiuentis
986 4167 1125 4231 recensio
1141 4172 1266 4231 tautum
1280 4172 1393 4245 exstat,
1417 4189 1615 4249 quartanae
1632 4172 1718 4233 1760

57 4275 184 4338 derum
208 4271 365 4336 Gerobtus
385 4271 615 4353 Brundenbery
629 4272 812 4352 parrochus
833 4273 1019 4335 manasterii
1041 4271 1353 4354 Maqderrauyrensis
1383 4273 1468 4352 qnod
1489 4274 1585 4337 etiarn
1607 4273 1717 4355 Auqia

66 4377 235 4460 Virqinum
255 4380 477 4456 nuncupatur,
506 4376 600 4440 irrssu
622 4375 753 4438 Mariae
775 4375 925 4456 Iosepbae
947 4374 1117 4439 Barbarae
1144 4375 1322 4439 abbatissae
1350 4398 1389 4439 ee
1415 4377 1587 4459 neuobryio
1608 4379 1719 4458 priore

56 4481 291 4546 menbranaeeo
313 4499 400 4544 nune
422 4479 581 4560 deperdito
604 4486 753 4544 accurate
775 4481 995 4561 transscripsit
1016 4501 1158 4562 quaeque
1179 4481 1362 4544 etiamnunc
1388 4481 1424 4545 in
1446 4482 1539 4547 ebore
1561 4481 1717 4564 Munden-

56 4585 206 4668 auoiensi
227 4585 340 4649 cotidie
360 4589 549 4666 usurpatur.
597 4584 666 4649 Hoc
687 4586 911 4662 mortuarium,
935 4606 973 4648 ee
994 4604 1056 4665 que
1079 4590 1172 4649 notas
1192 4584 1588 4662 nonnulb1s,seddiebus
1614 4587 1718 4651 Mus

57 4690 198 4768 omissis
221 4691 287 4752 iam
309 4688 460 4771 Herryott
481 4688 691 4770 (Genealoata
714 4688 934 4771 Habsburyiea
957 4689 1024 4766 III,
1047 4689 1127 4766 851)
1148 4689 1257 4766 edidit,
1279 4689 1330 4752 eir
1350 4689 1539 4753 renuardus
1563 4690 1719 4771 Georyius

57 4795 185 4876 Meyer,
201 4791 360 4874 pbrbanus
380 4793 443 4856 eici
460 4791 643 4856 Oberurnen
665 4791 701 4857 in
718 4792 798 4856 valle
814 4792 983 4870 szronae,
1006 4792 1220 4857 sollertissime
1234 4793 1313 4856 miiu
1328 4793 1502 4873 &sumsit
1526 4793 1581 4856 cni
1592 4793 1718 4874 oratius

57 4898 181 4962 debitas
208 4918 276 4980 aaa.
324 4895 389 4959 Hie
416 4902 521 4960 autem
549 4917 604 4960 eas
630 4901 757 4960 tautum
782 4901 891 4974 notas,
922 4917 1005 4977 quae
1026 4898 1224 4978 antiquiores
1245 4903 1276 4960 et
1296 4898 1451 4961 mentione
1473 4897 1632 4980 dianieres
1654 4919 1719 4962 esse

57 5003 256 5079 nitebantur,
279 5001 390 5082 recepi.

164 5263 186 5324 1)
206 5259 322 5313 Centum
339 5267 356 5314 2
373 5276 485 5314 marona
589 5264 613 5330 r)
633 5259 800 5330 domnorum
816 5261 909 5316 domm
926 5261 1044 5315 undum
1061 5261 1093 5314 iu
1112 5260 1219 5329 Gnoilr,
1235 5276 1268 5313 ea
1285 5275 1338 5328 qao
1354 5259 1402 5314 dat
1418 5259 1611 5315 eorumdum
1625 5261 1719 5329 fratri·

56 5346 107 5400 bru
124 5346 155 5399 in
167 5346 236 5413 festo
253 5347 342 5400 beatm
352 5346 523 5400 Karbai-tuae
534 5347 572 5399 ad
583 5363 700 5401 mansam
712 5347 839 5402 emetiar
850 5349 937 5402 tritici.
1035 5348 1058 5418 ³)
1077 5347 1188 5416 Leyaort
1200 5345 1317 5400 modium
1328 5348 1423 5415 spebae
1430 5363 1483 5415 pro
1495 5357 1567 5400 onn⁰
1573 5354 1718 5416 parasitum

57 5449 179 5501 mamm,
200 5432 296 5486 Graiae
312 5432 410 5487 soron's
427 5449 492 5486 neae
507 5439 531 5486 et
542 5433 642 5500 „Iosen
656 5433 747 5486 Smida
758 5433 956 5503 junqsrewen‘i
1060 5435 1085 5500 ⁴)
1104 5434 1220 5487 Dantur
1234 5433 1368 5500 tratribus
1384 5433 1422 5486 ad
1438 5435 1601 5501 rdmiomm
1619 5435 1719 5490 bonum

56 5523 152 5576 ninam
165 5521 322 5588 Alsatieurm
340 5526 472 5589 errantum
486 5521 621 5589 proveniet
638 5537 670 5574 ea
689 5529 705 5574 2
720 5521 890 5589 ommatius
902 5521 989 5588 tritiei,
1008 5526 1031 5574 et
1047 5519 1176 5574 lmediue
1188 5520 1276 5574 tritici.
1381 5525 1404 5588 s)
1424 5519 1565 5574 Constituit
1578 5531 1591 5576 1
1603 5520 1720 5577 modium

56 5609 150 5664 tritici.
256 5610 279 5675 o)
299 5606 502 5662 Constituerunt
519 5615 535 5661 2
552 5606 653 5660 medios
671 5608 753 5661 tritici
771 5607 802 5661 de
819 5609 895 5662 bonis
912 5608 943 5661 in
955 5606 1109 5675 Ruediiren,
1126 5623 1196 5674 quae
1210 5607 1325 5674 sumunt
1339 5607 1510 5662 dominanan
1521 5607 1554 5661 de
1564 5609 1720 5680 harbure.

56 5699 81 5766 r)
100 5702 139 5751 29.
161 5695 298 5750 [attuarii.
