4304 6434
401 389 464 452 462
547 384 645 439 LIBRI
664 382 1023 440 ANNIVERSARIORUM
1042 383 1090 439 1οΤ
1109 383 1372 440 NECROLOGIUII
1392 382 1621 440 nonns'l'assn
1640 383 1775 440 SANC'I'I
1793 383 1910 439 GALLI

441 944 625 1037 LIBRI
662 943 1338 1040 ANNIVERSARIORUM
1374 943 1463 1036 ΕΤ
1502 942 2009 1041 NECROLOGIUM

733 1099 1171 1196 MONASTERH
1207 1096 1453 1194 SANCTI
1494 1099 1717 1195 GALLI.

502 1326 1154 1438 Meomunennasnmsamaunn
1162 1355 1352 1435 nunnus
1360 1354 2051 1439 aarormrnrnepnnummuxa

393 1457 508 1537 periit,
536 1458 584 1522 ita
611 1464 649 1522 ut
675 1457 750 1523 libri
776 1459 962 1540 necrotopici
984 1457 1204 1541 Sanpolbenses
1228 1457 1365 1522 saevistis
1389 1458 1471 1522 XII.
1499 1465 1529 1521 et
1552 1459 1654 1524 XIII.
1676 1461 1791 1541 scripti
1818 1483 1859 1526 nc
1880 1462 2052 1546 frapmmta

399 1561 525 1642 quatem
538 1560 637 1626 buius
651 1563 823 1628 mortuarii
837 1563 1028 1627 contineant.
1074 1562 1238 1626 Habemus
1251 1561 1427 1644 neerolopra
1441 1562 1566 1626 minora
1582 1567 1716 1641 tantum,
1739 1569 1836 1628 notris
1849 1567 2053 1650 necrolapieas

399 1669 429 1727 et
450 1663 546 1729 bibres
567 1667 860 1731 anniversariorum
883 1665 1057 1747 complures
1077 1665 1177 1729 buires
1198 1667 1402 1729 monasterii:

504 1772 533 1831 1.
568 1769 787 1852 Necrolopium
808 1771 916 1834 minus
936 1769 1062 1834 saeudo
1084 1769 1148 1833 IX.
1172 1771 1301 1833 ineunte
1322 1768 1543 1852 martyrotopio
1566 1770 1601 1833 in
1623 1769 1727 1834 vodnc
1749 1771 1814 1834 914
1836 1777 1981 1838 eontemo
2001 1775 2053 1837 ad·

399 1872 554 1953 seriptum
575 1893 676 1954 resque
697 1875 734 1937 in
754 1872 917 1938 mantum
941 1873 984 1937 X
1008 1873 1230 1937 continuatum
1251 1877 1297 1936 est
1318 1873 1390 1954 (A).

501 1979 533 2042 2.
567 1977 787 2060 Neerobrpinm
808 1979 917 2043 minus
937 1977 1110 2042 secundnm
1132 1976 1322 2058 temporibus
1337 1977 1493 2041 Lwiovici
1513 1979 1595 2059 repis
1612 1975 1894 2057 Ostrosrancomm
1915 1983 2056 2046 mambae

399 2079 613 2161 compluribus
634 2082 736 2147 codici
756 2083 822 2146 397
843 2083 1034 2164 inscriptum
1056 2087 1102 2145 est
1125 2081 1199 2162 (B).

502 2189 533 2250 3.
567 2186 671 2250 Notae
696 2185 906 2268 necrolopicac
931 2184 1067 2250 saeudis
1089 2184 1153 2248 IX.
1182 2189 1211 2247 ct
1240 2183 1281 2248 X.
1305 2185 1341 2248 in
1362 2185 1504 2266 maraine
1526 2184 1741 2269 martyroloyii
1762 2186 1884 2252 codicis
1905 2191 1969 2252 914
1990 2189 2055 2271 (fd.

398 2289 465 2352 242
485 2291 565 2371 sqq.)
585 2290 716 2354 additae
736 2295 814 2355 sunt
834 2288 902 2376 (0).

503 2396 533 2456 4.
571 2390 666 2457 Oirea
687 2414 810 2458 annum
832 2394 897 2456 956
918 2391 1128 2473 necrolopinm
1144 2389 1275 2470 plenius
1296 2391 1454 2473 inceptum
1476 2397 1522 2456 est
1541 2401 1578 2468 (a
1593 2415 1641 2459 rne
1655 2393 1690 2459 D
1704 2398 1956 2478 nnnerrpatum),
1978 2396 2057 2478 quad

399 2496 537 2561 continet
562 2497 658 2561 codex
671 2498 753 2561 915.
797 2497 950 2562 Reeernsio
971 2501 1017 2560 est
1038 2495 1210 2559 mortuui-ii
1224 2496 1349 2576 prioris
1370 2516 1458 2561 nunc
1479 2496 1584 2576 deleti,
1613 2499 1668 2562 cui
1688 2500 1822 2565 nomina
1843 2500 1944 2565 multa
1960 2500 2055 2582 pirna

399 2601 555 2681 inscripta
576 2607 676 2679 erant,
699 2623 795 2682 qnam
817 2600 1000 2682 nemolopiis
1021 2599 1197 2664 minoribus
1211 2600 1252 2677 A,
1275 2600 1318 2678 B,
1344 2598 1378 2665 O.
1426 2601 1494 2683 Quo
1515 2601 1651 2667 saeculis
1673 2603 1715 2667 X.
1736 2610 1768 2667 ct
1784 2604 1848 2670 XI.
1866 2606 2054 2681 continuato,

393 2709 589 2785 postremum
610 2705 809 2786 adscriptum
830 2725 895 2769 esse
916 2703 1041 2768 videtur·
1054 2723 1167 2768 nornen
1182 2703 1331 2768 Heinrici
1346 2703 1483 2784 episcopi
1502 2703 1675 2784 Ourinasis,
1698 2707 2055 2788 qniobiitamro1078.

401 2807 580 2873 Dolendnm
607 2814 665 2886 est,
696 2809 779 2889 qnod
807 2808 906 2873 buius
934 2807 1101 2889 necrolopii
1126 2807 1206 2887 folia
1236 2809 1314 2886 dno,
1345 2829 1428 2890 qirae
1452 2810 1584 2873 nomina
1606 2810 1658 2874 dic
1680 2813 1830 2876 11.-22.
1855 2810 1937 2875 Irdii
1960 2817 1990 2875 et
2010 2811 2057 2875 die

398 2914 549 2977 26.-31.
573 2911 754 2977 Decembris
775 2912 890 2976 addita
911 2912 1145 2989 continuerunt,
1169 2912 1235 2975 iarn
1257 2911 1365 2976 evulsa
1386 2913 1490 2976 stent.¹

505 3016 534 3078 5.
569 3015 671 3079 Notas
691 3013 901 3095 neerolapieas
915 3035 1101 3095 perpaucas
1122 3013 1246 3080 saeculo
1270 3014 1314 3079 X.
1337 3015 1475 3096 scriptas
1495 3015 1592 3079 codex
1612 3015 1677 3077 459
1699 3023 1865 3081 mercat
1886 3017 1959 3101 (E).

505 3125 534 3184 6.
568 3119 787 3201 Nearolopium
815 3118 924 3182 minus
950 3117 1075 3182 saecuto
1100 3118 1142 3182 X.
1171 3124 1303 3182 ecennte
1323 3118 1544 3202 martyrotopio
1565 3118 1683 3183 codicis
1704 3123 1771 3184 342
1791 3121 1986 3202 inscriptum
2006 3129 2056 3198 ed,

400 3225 485 3308 qriod
498 3245 598 3306 usqne
612 3225 649 3287 in
662 3220 825 3288 saeculum
839 3221 936 3286 XIV.
952 3223 1227 3286 continuaverunt.
1267 3221 1384 3298 Miror,
1407 3223 1444 3285 in
1457 3221 1514 3286 boc
1528 3221 1701 3304 neerolapia
1716 3245 1854 3289 mensem
1864 3225 2056 3290 Iamrarium

400 3331 437 3394 in
458 3330 523 3411 (ine
537 3329 681 3410 positum
702 3349 768 3392 esse
789 3326 860 3410 (F).

505 3438 535 3498 7.
571 3433 716 3514 Quatuor
737 3434 863 3494 tanturn
884 3435 978 3495 notae
999 3430 1217 3513 rwcrolopicae,
1239 3452 1322 3513 quae
1337 3437 1506 3512 praeterea
1527 3433 1623 3496 ctiam
1642 3431 1720 3496 aliis
1733 3432 1939 3516 necrolopicis
1953 3455 2057 3499 mona·

400 3537 491 3602 sterii
503 3534 719 3618 Sanpallensis
732 3535 914 3616 adscriptae
927 3541 1013 3614 sient,
1028 3537 1114 3600 birca
1129 3557 1251 3600 annum
1262 3538 1347 3598 1050
1361 3536 1542 3601 arbaidario
1553 3536 1671 3601 codicis
1679 3537 1746 3599 380
1756 3537 1890 3601 additae
1900 3543 1978 3602 sunt
1988 3539 2055 3620 (G).

504 3641 536 3706 8.
573 3637 678 3704 ardeo
703 3642 769 3701 376
796 3643 889 3703 notas
916 3638 1125 3721 necrolopicas
1152 3639 1235 3703 duas
1261 3639 1386 3704 saeculo
1414 3639 1494 3716 XL,
1527 3639 1612 3703 dieas
1639 3638 1764 3704 meto
1793 3640 1899 3705 XIII.
1925 3644 2058 3723 scriptu

394 3743 526 3827 pene
546 3739 621 3828 (H).
1887 3741 1890 3746 ’

505 3849 535 3911 9.
573 3846 668 3913 Oircn
689 3865 813 3910 annum
836 3847 921 3909 1190
942 3846 1089 3912 morundi
1104 3844 1322 3928 Saupnllenses
1342 3845 1458 3910 tibrum
1476 3847 1770 3912 anniversariorum
1786 3847 1984 3929 inceperunt,
2005 3850 2059 3932 qui

401 3957 605 4018 conservatur
633 3951 670 4041 in
697 3950 801 4015 codiee
827 3950 901 4013 453.
949 3949 1210 4014 Fundamentum
1238 3954 1346 4013 autem
1367 3948 1466 4013 buius
1487 3948 1562 4014 libri
1583 3955 1629 4014 est
1649 3949 1862 4032 menmium
1885 3951 1936 4030 D,
1968 3955 2059 4017 caira

400 4059 531 4123 nomina
546 4075 651 4137 paene
671 4054 779 4119 omnia
796 4054 917 4135 repetit.
963 4052 1115 4118 Plurima
1136 4059 1213 4118 srrnt
1226 4053 1342 4118 addita
1355 4053 1480 4118 saecula
1498 4054 1609 4132 XIII,
1627 4075 1794 4136 perpauca
1808 4055 1948 4121 wamelis
1965 4056 2057 4122 XIV.

401 4167 431 4226 et
454 4159 531 4225 XV.
558 4163 588 4224 et
614 4156 770 4222 nonnrdta
795 4157 920 4222 sacerdo
944 4157 1042 4222 XVI.
1092 4157 1134 4223 Ut
1155 4156 1215 4220 alii
1237 4157 1311 4221 libri
1332 4159 1639 4236 anniversariam,
1671 4160 1768 4223 etiam
1790 4159 1843 4223 bie
1858 4161 2059 4241 praebendas

401 4264 511 4328 diebus
531 4262 825 4327 anniversariomrm
845 4261 1083 4326 distribuendas
1096 4265 1245 4325 accurate
1260 4261 1416 4339 describit,
1439 4260 1516 4339 loca
1538 4281 1578 4326 ea
1591 4262 1707 4344 anubim
1714 4263 1920 4344 praebendae
1935 4265 2059 4329 dandae

401 4372 507 4445 erant,
536 4371 699 4430 errunrerat
725 4366 881 4447 amnique
908 4365 993 4430 atius
1011 4366 1213 4447 praebendas
1238 4387 1303 4430 nan
1330 4365 1555 4449 necrolopieas,
1586 4388 1624 4430 en
1653 4366 1903 4447 natatoriam
1926 4369 2060 4452 §nvidis

401 4469 636 4536 distribuendas
657 4469 810 4534 nominat.
856 4469 954 4533 Hunc
976 4467 1093 4533 libmrm
1113 4470 1409 4534 anniversariorum
1430 4470 1456 4533 Ι
1471 4470 1665 4550 nuneripavi.

504 4576 555 4637 10.
589 4571 723 4638 Saeculo
753 4571 835 4636 XII.
866 4577 997 4637 avennio
1024 4578 1054 4636 et
1083 4572 1208 4637 mocula
1237 4573 1340 4637 XIII.
1370 4579 1464 4639 notae
1489 4573 1699 4655 necrolopicae
1719 4595 1849 4655 paucae
1875 4577 1978 4642 codici
1998 4581 2058 4641 344

401 4679 532 4744 additae
552 4681 630 4742 sunt
650 4675 725 4764 (K).

505 4785 555 4846 11.
591 4780 818 4863 Frapmentnm
840 4779 1007 4864 necrolvpii
1028 4781 1162 4847 minoris
1182 4781 1307 4848 sacerdo
1325 4783 1426 4848 XIII.
1447 4784 1565 4864 incepti
1586 4787 1616 4847 et
1630 4803 1730 4865 usque
1750 4783 1789 4846 in
1801 4783 1967 4850 sacerdtem
1984 4785 2056 4851 XV

400 4886 589 4963 emitimiati
611 4885 706 4948 cuins
726 4904 846 4949 mermes
867 4885 1072 4962 Iaruearinm,
1095 4885 1320 4963 Febmrarium,
1344 4887 1545 4952 Nurembrem
1566 4891 1597 4950 et
1614 4885 1813 4951 Decembrem
1834 4888 2056 4966 desideramus,

400 4994 437 5058 in
457 4992 560 5056 codice
583 4989 668 5052 1309
689 4993 895 5053 conservatur·
916 4989 987 5070 (L).

504 5098 556 5160 12.
590 5094 724 5158 Librum
746 5094 1041 5158 anniversariorum
1062 5093 1214 5158 minorem
1236 5093 1388 5158 monacho
1409 5093 1510 5158 atiani
1531 5093 1685 5176 dr'priitate
1702 5093 1862 5175 praedito,
1884 5097 1942 5178 ani
1957 5097 2057 5178 officio

393 5199 650 5282 praebendarum
676 5197 971 5289 distribuendarum
997 5196 1205 5279 innodatur,
1235 5197 1360 5263 saeuite
1385 5198 1487 5264 XIII.
1516 5197 1690 5278 confectum
1720 5203 1750 5261 et
1771 5201 1930 5280 usquein
1951 5223 2055 5266 uicen-

400 5302 467 5368 lum
491 5302 528 5366 X
532 5301 567 5366 V.
591 5302 813 5366 continuatum
834 5300 931 5365 codex
952 5300 1016 5364 339
1039 5299 1270 5382 comprehendit
1290 5301 1373 5385 (M).

505 5443 513 5450 ι
525 5443 681 5448 .-...,-.-.--.-..
691 5441 710 5447 ..-.
730 5443 1066 5450 .----.-..-..-..-....-...
1083 5443 1094 5448 -
1107 5442 1654 5452 ...-·--.-----..-.-.--,-.-.-
1665 5445 1772 5450 --.—-

505 5525 700 5596 1)„Htennao
720 5524 752 5580 de
773 5526 907 5593 (rutubus
928 5525 1118 5595 ununpu‘ss
1141 5525 1619 5596 qnaemnocoeaiucomtneum,
1642 5526 1683 5580 bic
1705 5526 2053 5596 ediopusrsscmdsinan

400 5612 510 5681 videtur,
532 5614 598 5684 arria
619 5614 660 5666 m‘r
676 5613 839 5668 clarissimus
855 5614 937 5683 Piper
953 5630 999 5668 eas
1014 5614 1047 5667 in
1063 5613 1137 5668 libris
1154 5613 1404 5680 confraternitatum
1423 5616 1452 5671 S.
1472 5615 1557 5683 aeae,
1583 5613 1725 5682 Aupimsis
1741 5619 1764 5666 et
1790 5612 1967 5668 Fabrirr'cmsi's
1984 5630 2053 5668 anna

401 5707 469 5760 1884
485 5701 581 5756 iterum
597 5699 690 5756 mun
726 5699 807 5768 Epa·
823 5701 945 5756 nonna
960 5699 1066 5756 wedam
1083 5697 1353 5768 „communionum
1371 5701 1561 5776 rynprapbad‘.
