4306 6434
408 425 469 487 336
664 418 929 475 NUOROLOGIUM
948 417 1063 473 MINUS
1083 417 1311 473 MONAS'IERII
1329 417 1355 471 S.
1376 417 1483 470 PETRI
1501 416 1641 471 NIGRAII
1658 415 1796 470 slavus.

1150 648 1311 722 MAIUS.

423 794 448 846 3.
531 793 556 845 V
574 810 638 846 non.
666 790 716 844 Ob.
735 791 861 855 JudinIa,
879 809 934 860 que
952 790 1025 844 inter
1043 790 1101 844 alia
1118 789 1253 842 beneficia
1271 806 1333 843 curn
1353 787 1411 842 viro
1429 806 1478 842 suo
1496 788 1513 841 3
1531 806 1637 842 marcas
1655 787 1736 842 nobis
1754 786 1841 840 dedit.

405 882 448 934 15.
574 878 611 931 id.
664 877 715 933 Ob.
729 880 866 948 hupertus
884 878 952 948 pbr..
971 895 1061 946 aquo
1079 875 1213 931 habemus
1231 893 1339 929 crucem
1358 892 1434 938 auro,
1452 877 1578 944 argento,
1596 874 1769 944 gemmisque
1785 874 1919 927 decenter
1931 879 2049 927 ornatam

716 984 779 1020 cum
797 965 861 1019 aliis
880 981 964 1034 quam
983 963 1110 1034 plurimis
1128 963 1278 1018 beneficiis.

406 1055 447 1108 21.
501 1052 554 1106 XII
573 1051 628 1106 kal.
664 1052 714 1108 Ob.
733 1051 880 1107 Udnlricus
897 1068 1015 1112 n.c.m.,
1039 1049 1084 1104 hic
1107 1050 1183 1104 inter
1201 1050 1347 1105 innumera
1365 1048 1498 1103 beneficia
1516 1067 1625 1104 crucem
1644 1049 1775 1104 maiorem
1794 1047 1961 1118 pretiosam,
1981 1064 2050 1104 auro.

715 1141 846 1208 argento,
869 1137 987 1207 gemmis
1005 1136 1164 1192 decoratam
1182 1136 1321 1206 patravit.
1343 1137 1361 1189 2
1379 1135 1478 1190 calices
1496 1141 1658 1207 argenteos,
1683 1137 1700 1190 4
1718 1154 1823 1206 cappas
1841 1135 1961 1189 bissinas
1977 1136 2005 1188 et
2020 1135 2051 1188 20

715 1242 821 1279 mareas
839 1224 874 1278 ad
893 1223 998 1279 allodia
1015 1223 1203 1292 comparanda
1221 1223 1303 1278 beato
1324 1223 1405 1277 Petro
1423 1223 1510 1288 dedit,
1529 1223 1731 1293 precipuaeque
1750 1223 1879 1291 patrator
1897 1218 1990 1287 fontis,
2006 1219 2050 1288 qui

718 1311 871 1366 claustrum
889 1309 991 1374 influit,
1011 1309 1115 1364 extitit.

433 1402 448 1452 ⁸.
501 1399 553 1452 Vll
572 1398 628 1452 kal.
665 1398 753 1450 Aun.¹
773 1395 905 1450 Iohannis
922 1394 1057 1450 Lebsault
1076 1394 1172 1450 vicarii
1191 1395 1221 1449 in
1240 1395 1362 1459 Nahars,
1381 1399 1537 1464 parentum,
1556 1395 1762 1450 commissorum
1780 1411 1813 1448 ac
1832 1393 1957 1447 omnium
1975 1393 2050 1446 bene·

718 1484 854 1538 tisctomm
872 1500 992 1546 suorum,
1013 1483 1061 1551 qui
1081 1486 1145 1552 post
1162 1482 1283 1552 plurima
1303 1483 1435 1537 benefitia
1452 1483 1510 1550 (sic)
1528 1483 1610 1538 nobis
1627 1482 1754 1536 exbibIta
1773 1481 1901 1535 tabulam
1919 1480 2049 1550 depictam

718 1574 748 1625 et
765 1571 893 1624 oinatam
911 1569 947 1624 ad
962 1571 1051 1624 altare
1064 1570 1261 1640 Apostolorum
1275 1570 1408 1640 patravit,
1427 1572 1567 1640 3quoque
1582 1573 1716 1640 argentea
1727 1586 1795 1622 vasa
1808 1567 1943 1622 fratribus
1955 1567 2050 1622 utenda

716 1655 832 1728 legavit.

1151 1782 1323 1858 IUNIUS.

576 1909 631 1961 lral.
666 1906 810 1976 Depositio
828 1905 939 1960 abbatis
959 1905 1063 1975 Eponis
1081 1908 1105 1961 3.

575 1995 615 2049 id.
667 1994 717 2048 Ob.
736 1993 907 2062 Wolpertus,
925 1992 973 2061 qui
993 1992 1071 2047 dedit
1089 1992 1168 2047 nobis
1186 1992 1256 2047 duos
1277 2011 1358 2062 agnus
1376 1995 1413 2048 ad
1431 1994 1641 2064 Maltertingen.

445 2126 451 2136 .
492 2082 557 2136 XIV
575 2082 631 2135 kal.
667 2081 718 2136 Ob.
738 2081 936 2144 Trutmannus,
955 2081 1004 2148 qui
1022 2080 1101 2135 dedit
1119 2080 1199 2134 nobis
1217 2084 1234 2134 6
1252 2099 1368 2135 marcas.

445 2214 451 2225 .
519 2170 558 2223 xl
576 2168 630 2223 kal.
668 2169 718 2223 Ob.
737 2167 847 2238 Egilolf
861 2185 902 2222 cv.
921 2168 970 2237 qui
989 2168 1067 2222 dedit
1085 2168 1165 2222 nobis
1183 2168 1311 2238 predium
1330 2187 1410 2222 suum
1428 2169 1504 2238 opud
1523 2169 1672 2224 Schalstat.

409 2262 417 2284 ⁶
445 2301 451 2311 .
534 2257 633 2311 lel.
669 2256 720 2311 Ob.
737 2255 879 2324 Hupertus
898 2254 958 2323 pbr.
977 2254 1025 2324 qui
1045 2255 1124 2308 dedit
1143 2254 1223 2309 uobis
1241 2255 1277 2308 ad
1296 2255 1402 2310 allodia
1420 2256 1608 2326 comparanda
1628 2259 1660 2312 15
1678 2275 1791 2310 rnarcaa

1153 2452 1323 2527 IULIUS.

446 2629 452 2640 .
490 2586 557 2640 VIII
575 2585 613 2639 id.
665 2584 715 2640 Ob.
734 2584 917 2639 Berchtoldus
940 2603 967 2639 n.
986 2603 1008 2639 e.
1034 2584 1113 2638 dedit
1139 2584 1220 2638 nobis
1245 2585 1372 2654 predium
1398 2603 1479 2639 suurn
1506 2585 1582 2656 apud
1607 2586 1712 2640 Hacho.
1747 2585 1893 2654 Depositio
1912 2585 2059 2638 Eberhardi

722 2671 834 2725 abbatis
853 2673 893 2726 12.

448 2802 454 2814 .
506 2759 558 2814 VII
576 2759 614 2814 id.
667 2760 717 2815 Ob.
736 2759 894 2814 Gerbardus
912 2759 984 2822 cler,
1002 2759 1051 2828 qui
1071 2758 1198 2828 predium
1216 2776 1297 2814 suum
1315 2759 1351 2812 ad
1370 2759 1523 2814 Seballstat
1540 2761 1621 2814 nobis
1640 2760 1726 2814 dedit.

447 2888 453 2900 .
534 2846 559 2899 V
577 2846 616 2900 id.
669 2846 718 2902 Ob.
739 2846 898 2900 Adilbertus
916 2864 943 2900 n.
954 2864 985 2914 c,
1004 2845 1052 2914 qui
1071 2845 1150 2899 dedit
1168 2845 1248 2900 nobis
1267 2846 1394 2916 predium
1413 2865 1493 2902 suum
1511 2848 1729 2916 Schlatschlege.

447 2976 453 2988 .
522 2933 562 2987 IV
578 2932 616 2987 id.
669 2933 719 2988 Ob.
739 2932 900 3003 Hartwigus
918 2951 945 2986 n.
957 2951 988 2996 a,
1006 2932 1054 3002 qui
1074 2933 1153 2986 dedit
1170 2933 1252 2987 nobis
1271 2933 1397 3002 predium
1416 2921 1497 2988 suum
1514 2934 1549 2988 ad
1569 2934 1815 3004 Gundellvlingen.

447 3061 454 3072 .
524 3020 564 3074 lIl
583 3019 621 3074 id.
675 3020 725 3075 Ob.
744 3020 808 3083 Ozo,
826 3019 875 3089 qui
893 3019 972 3074 dedit
989 3019 1070 3074 nobis
1088 3020 1156 3074 duos
1175 3037 1256 3089 agros
1275 3021 1310 3074 ad
1328 3021 1476 3075 Hoebdorl.

446 3149 453 3161 .
523 3108 563 3162 III
580 3108 636 3162 lral.
673 3107 723 3162 Ob.
742 3108 794 3169 Ita,
812 3123 866 3176 que
884 3105 964 3160 dedit
980 3106 1062 3161 nobis
1080 3106 1203 3160 viculum
1222 3107 1296 3161 Itora
1314 3111 1343 3160 et
1361 3107 1469 3162 dorsale
1488 3108 1631 3163 bissinum.

449 3238 455 3249 .
535 3195 559 3249 X
579 3195 634 3249 kal.
670 3193 721 3249 Ob.
740 3193 858 3248 Judinta
876 3204 960 3257 com⁸‚
981 3212 1036 3263 que
1059 3193 1133 3248 inter
1154 3193 1212 3248 alia
1234 3193 1308 3248 bona
1329 3194 1359 3248 in
1377 3194 1495 3250 armillis
1514 3199 1543 3251 et
1560 3196 1712 3252 monilibus
1730 3196 1788 3250 suis
1805 3196 1823 3247 s
1841 3196 1943 3250 uncias
1961 3195 2023 3250 auri
2043 3199 2071 3248 et

723 3281 836 3336 calicem
855 3280 936 3335 nobis
954 3299 1016 3334 cum
1035 3281 1095 3335 viro
1114 3299 1164 3334 suo
1183 3281 1269 3334 dedit.

449 3409 455 3421 .
524 3368 561 3422 VI
581 3369 636 3422 kal.
673 3368 723 3423 Ob.
742 3368 910 3438 Mangoldus
927 3385 997 3430 n.c.,
1016 3367 1064 3437 qui
1083 3367 1162 3421 dedit
1178 3367 1259 3422 nobis
1277 3385 1404 3421 mansum
1424 3385 1508 3422 unum
1529 3369 1565 3423 ad
1584 3369 1761 3424 Nideruwilr.

412 3457 420 3481 ‘
450 3495 455 3507 .
536 3455 562 3508 V
578 3454 635 3508 kal.
671 3454 720 3510 Ob.
739 3454 892 3510 Gozbertus
910 3471 936 3507 u.
946 3472 978 3516 c..
997 3453 1045 3522 qui
1064 3452 1139 3507 inter
1156 3453 1238 3522 plura
1256 3453 1388 3508 benefitia
1405 3457 1441 3508 30
1454 3455 1540 3510 libras
1558 3457 1677 3526 argenti,
1695 3456 1867 3524 calicemque
1885 3455 2027 3509 maiorem
2046 3459 2074 3509 et

725 3542 863 3596 missalem
882 3543 912 3594 et
928 3540 1125 3595 matutinalem
1143 3541 1246 3595 librum
1265 3540 1346 3596 nobis
1364 3541 1450 3596 dedit.

1105 3737 1373 3814 AUGUSTUS.

581 3871 638 3926 lral.
673 3870 817 3940 Depositio
835 3871 956 3925 Simonis
974 3870 1086 3924 abbatis
1103 3871 1164 3924 30.Ι

432 3961 458 4013 3.
526 3958 566 4011 III
585 3975 649 4012 non.
675 3958 725 4012 Ob.
744 3958 890 4012 Heiuricus
908 3975 981 4022 mc..
1004 3959 1133 4028 quicum
1152 3959 1238 4012 tratre
1255 3975 1305 4012 suo
1323 3958 1359 4013 ad
1378 3959 1531 4014 Scballstat
1548 3961 1654 4013 curtem
1671 3977 1768 4020 unam,
1791 3975 1893 4027 agrum
1913 3961 1946 4012 et
1964 3959 2077 4011 vineam

730 4045 810 4100 nobis
829 4044 916 4099 dedit

433 4134 458 4186 5.
580 4150 645 4187 non.
672 4131 816 4202 Depositio
834 4131 881 4202 pie
900 4131 1031 4185 memorie
1050 4131 1178 4186 Ruodolti
1196 4132 1274 4187 ducis
1292 4133 1327 4188 de
1343 4132 1497 4202 Zseringeu
1516 4134 1545 4186 et
1562 4133 1613 4202 epi.
1643 4130 1803 4186 leodiensis
1822 4148 1899 4186 auno
1919 4132 1999 4186 1190.

434 4220 459 4273 9.
543 4218 567 4270 V
584 4217 622 4272 id.
676 4219 727 4274 Ob.
746 4219 866 4289 luitgart
886 4218 945 4273 filia
965 4216 1043 4272 ducis
1062 4219 1230 4274 Berchtoldi.
1267 4219 1317 4275 Ob.
1336 4220 1551 4284 Urchinboldus‚
1576 4219 1625 4288 qui
1643 4219 1723 4273 dedit
1743 4218 1824 4273 nobis
1843 4218 1976 4288 predium
1995 4237 2077 4272 suum

726 4305 763 4360 ad
781 4306 933 4360 Schallstat
951 4309 980 4359 et
996 4323 1124 4359 inausum
1143 4325 1229 4360 uuum
1247 4307 1283 4361 ad
1301 4307 1469 4376 Norsingen,
1487 4306 1636 4362 dimidium
1654 4323 1768 4376 quoque
1786 4305 1823 4359 ad
1842 4305 2026 4374 Eggiuheim.

417 4395 460 4448 12.
541 4393 566 4447 II
585 4392 623 4446 id.
677 4393 709 4446 ln
729 4392 782 4447 bac
799 4391 845 4446 die
861 4391 990 4446 omnibus
1011 4392 1144 4446 fratribus
1165 4393 1267 4448 ciuitas
1288 4393 1418 4448 facienda
1441 4396 1484 4448 est
1502 4411 1564 4448 cum
1582 4394 1680 4462 pulcro
1699 4409 1786 4462 pane,
1810 4391 1939 4461 piscibus
1963 4395 1993 4445 et
2011 4391 2079 4445 vino

728 4478 763 4531 de
781 4477 878 4548 predio
896 4478 971 4547 apud
989 4477 1113 4540 Loutlen.
1131 4479 1206 4548 quod
1224 4479 1304 4534 dedit
1321 4479 1491 4534 Weruberus
1509 4483 1538 4534 et
1556 4481 1643 4533 trater
1660 4497 1726 4533 suus
1744 4477 1918 4532 Hartmodus
1937 4479 2001 4547 pbr.

419 4569 459 4622 14.
501 4567 566 4621 xlx
583 4566 640 4620 lral.
675 4563 812 4618 Similiter
832 4567 862 4618 et
886 4564 916 4618 in
940 4564 993 4619 hac
1016 4565 1061 4618 die
1084 4566 1214 4620 iacienda
1236 4569 1280 4620 est
1301 4566 1404 4622 caritas
1426 4567 1461 4621 de
1483 4566 1581 4636 predio
1602 4567 1678 4636 apud
1697 4565 1885 4634 Mpriugen,
1910 4565 1990 4634 quod
2009 4565 2079 4619 emit

728 4652 764 4704 20
781 4651 881 4705 marcis
899 4652 1060 4705 Burlrardus
1078 4653 1135 4706 dec.
1155 4652 1190 4706 de
1208 4652 1325 4708 Basilea.

419 4742 459 4794 17.
504 4739 568 4793 XIV
586 4739 642 4792 kal.
679 4737 729 4792 Ob.
748 4738 882 4792 Henricus
900 4737 968 4807 pbr..
986 4739 1041 4794 hic.
1059 4739 1193 4808 quicquid
1211 4740 1302 4810 predii
1320 4739 1395 4810 apud
1414 4739 1575 4794 Bucbsitum
1596 4738 1704 4802 babuit,
1722 4757 1742 4791 s.
1756 4737 1840 4792 Petro
1858 4737 1950 4792 dedit

418 4830 460 4882 20.
500 4827 566 4880 11111
585 4826 641 4880 kal.
677 4824 727 4879 Ob.
746 4824 862 4886 IIiltrut,
880 4841 934 4892 que
952 4825 1031 4878 dedit
1049 4825 1129 4880 nobis
1148 4827 1262 4881 mlicem
1280 4829 1453 4896 argenteum,
1471 4826 1646 4880 deauratum.

416 4915 460 4968 24.
527 4914 565 4968 IX
583 4912 640 4966 kal.
677 4911 727 4966 Ob.
747 4911 908 4965 Adilbertus
927 4911 995 4980 pbr„
1013 4913 1060 4981 qui
1079 4931 1205 4967 mausum
1224 4932 1311 4968 uuum
1330 4914 1366 4967 ad
1379 4913 1533 4982 Zaeringen
1546 4914 1575 4966 et
1588 4914 1699 4981 pratum
1716 4911 1752 4966 ad
1766 4911 1977 4982 Gundeltingen
1990 4913 2080 4966 dedit.

418 5001 460 5054 27.
530 5001 567 5054 VI
585 4999 642 5054 kal.
679 4999 730 5053 Ob.
749 4996 896 5052 Udalricus
914 5015 969 5066 eps.
989 4999 1210 5054 Constantiensis
1228 5018 1302 5054 anuo
1322 5001 1396 5064 1121,
1415 4999 1537 5054 officium
1555 5017 1617 5054 eum
1635 4999 1653 5051 3
1671 4997 1803 5052 madetis.

418 5089 460 5142 30.
525 5086 641 5141 111kal.
677 5085 727 5141 Ob.
744 5085 889 5153 Hadewig‚
910 5103 965 5154 que
983 5103 1044 5140 cum
1064 5087 1123 5142 viro
1141 5105 1191 5142 suo
1208 5088 1238 5142 iu
1257 5105 1325 5142 auro
1344 5090 1373 5142 et
1390 5087 1508 5157 gemmis
1526 5088 1556 5140 et
1573 5085 1698 5140 vestibus
1715 5084 1868 5154 plurimum
1886 5085 1973 5139 nobis
1991 5087 2081 5140 dedit.

1097 5281 1392 5355 SEPTEMBER.

587 5415 643 5468 kal.
679 5412 729 5468 Ob.
747 5411 863 5474 Bertha,
888 5431 942 5481 quc
965 5431 1027 5465 cum
1050 5411 1113 5465 aliis
1137 5412 1277 5466 beneficiis
1295 5413 1410 5468 calicem
1428 5416 1592 5482 argenteum
1611 5413 1743 5468 maiorem
1763 5415 1793 5466 et
1810 5411 1954 5467 missalem
1972 5412 2078 5466 librum

731 5519 752 5554 s.
771 5500 854 5553 Petro
874 5499 1006 5570 patravit.

694 5643 811 5649 .„.-.--—
1042 5643 1717 5649 ..—.-.-.-.--——-—-—-..---———----..
1725 5642 1968 5652 -Q-m—„q

527 5749 548 5813 ι)
568 5743 752 5818 Peraqmdam
769 5747 805 5797 est
821 5742 891 5812 (oia
908 5749 925 5799 3
942 5749 1004 5801 ante
1022 5743 1198 5800 Pentecosten.
1303 5745 1325 5810 s)
1346 5743 1387 5800 Re
1406 5759 1467 5800 cera
1484 5747 1521 5802 est
1539 5741 1621 5800 abbas
1637 5749 1679 5803 35.
