4388 6442
668 373 932 430 NECROLOGIUM
953 375 1088 429 XUGIXE
1107 375 1266 432 MAIORIS.

412 887 920 986 NECROLOGIUM
951 891 1216 988 AUGIAE
1248 894 1545 993 MAIORIS.

243 1105 299 1198 In
312 1130 499 1195 rrvmiasterio
515 1130 640 1211 Aueiae
655 1129 804 1206 Maioris,
827 1129 916 1212 vulco
932 1121 1107 1196 Molorcrau
1121 1132 1286 1214 appellato,
1306 1135 1396 1215 apud
1410 1137 1566 1199 civitatem
1581 1135 1790 1218 Briyautium

137 1237 207 1312 sito,
231 1234 353 1299 ordinis
374 1255 399 1296 s.
423 1233 597 1314 Benedicti,
620 1235 704 1314 quod
724 1233 847 1298 saeculo
872 1235 934 1298 XI.
957 1241 1088 1301 coeunte
1109 1235 1283 1316 foedatum
1304 1243 1363 1314 est,
1386 1239 1481 1302 ctiam
1503 1238 1627 1303 suendo
1651 1240 1786 1303 XVIII.

138 1341 201 1404 cluo
223 1339 400 1403 mutuaria
419 1339 610 1419 temporibus
631 1339 727 1402 medii
749 1339 818 1404 aevi
840 1341 1017 1420 corvscrivta
1040 1341 1243 1418 exstiterunt,
1265 1362 1347 1423 quae
1368 1341 1459 1406 hodie
1474 1343 1610 1422 periisse
1632 1343 1788 1406 videntur.

138 1443 271 1509 Servata
299 1449 344 1507 est
372 1464 478 1507 eorum
505 1444 656 1521 recensio,
685 1465 782 1525 quam
809 1444 885 1525 fecit
912 1443 1039 1509 Paulus
1060 1444 1194 1526 Pervelim
1222 1448 1429 1523 urrnv1728,
1460 1467 1601 1527 quaeque
1627 1446 1717 1510 bodie
1746 1452 1791 1511 est

139 1549 323 1612 mormsterii
351 1570 390 1612 coc
425 1547 601 1631 Wcttinaen
630 1548 787 1630 Areva-iae
816 1550 852 1612 in
880 1550 1022 1631 Anniam
1052 1549 1211 1614 Maiorem
1238 1549 1396 1614 translati.
1449 1550 1544 1614 Hane
1571 1551 1788 1627 recensionem,

138 1673 235 1733 quam
257 1657 369 1716 auctor
390 1674 429 1717 ea·
450 1652 572 1716 duobos
587 1653 752 1732 prioribus
773 1654 957 1718 monasterii
977 1655 1031 1716 sni
1053 1653 1237 1735 necroloqiis
1258 1653 1450 1735 connodavit,
1468 1656 1599 1735 mineus
1621 1654 1720 1719 edidit
1741 1655 1791 1718 vir
1842 1720 1843 1723 ,

138 1755 335 1820 clamssimm
357 1755 514 1836 Josurbus
535 1755 719 1838 Berqrnann
747 1756 1221 1840 anrro1853(Dcukscbristcn
1249 1758 1305 1822 der
1320 1757 1791 1840 philosophum-historischen

139 1862 258 1926 Kiasse
289 1862 344 1926 der
372 1861 580 1925 boiserlicben
601 1861 770 1925 Academic
799 1863 854 1925 dor
882 1861 1166 1944 Wisscnscbaftcn,
1197 1869 1267 1929 torn.
1291 1863 1347 1947 V),
1377 1864 1414 1927 in
1444 1885 1509 1944 qua
1531 1864 1665 1928 editione
1695 1862 1790 1926 codev

139 1967 406 2043 membranaceus,
436 1986 502 2047 vicu
523 1965 581 2028 itta
603 1967 793 2044 cmitinctur,
824 1974 972 2031 ‹weverate
994 1969 1169 2049 descriptus
1191 1974 1244 2033 cst.
1291 1968 1436 2033 Alterum
1457 1966 1701 2050 uecrvtoyiorum
1716 1966 1788 2046 pri-

139 2093 229 2136 orum
257 2076 389 2135 testante
412 2070 601 2152 Ranshervii
623 2070 767 2135 chronico
789 2071 915 2153 Aueiae
937 2072 1076 2136 Maioris
1098 2094 1183 2138 anno
1206 2074 1291 2137 1658
1322 2073 1471 2154 confecto,
1501 2073 1558 2153 qui
1587 2071 1664 2136 tiber
1690 2091 1790 2134 umnu

138 2177 277 2257 scribtus
288 2176 472 2240 chartaceus
482 2175 573 2240 bodie
584 2181 629 2240 cst
640 2176 824 2239 manasterii
836 2173 1069 2256 Carmcinorum
1079 2176 1277 2258 meautini,
1293 2198 1358 2242 nvn
1369 2179 1524 2259 intvyrum
1534 2176 1614 2257 fuit;
1628 2174 1790 2256 covmiura

138 2281 221 2344 enirn
242 2280 322 2362 folia
345 2280 535 2363 Rausberaii
563 2279 652 2345 ill-ius
681 2284 783 2344 aetate
809 2279 915 2344 evulsa
945 2286 1045 2344 crant.
1091 2280 1200 2362 Neque
1224 2303 1294 2346 vcro
1313 2279 1447 2362 Ponet-in
1476 2281 1598 2357 omnia,
1628 2300 1710 2360 quac
1732 2276 1790 2341 illa

138 2390 240 2450 aetate
254 2387 350 2451 etiam
360 2385 601 2450 continebantur
616 2386 738 2450 dnobus
752 2385 817 2450 iltis
830 2384 1021 2467 rvecrobvqiis,
1040 2387 1077 2450 in
1090 2387 1298 2452 recensionem
1311 2407 1405 2450 mmm
1418 2382 1592 2449 transtulit.
1632 2381 1700 2447 Hoc
1715 2383 1789 2446 inde

137 2491 176 2570 fit
196 2495 348 2570 apertum,
371 2490 455 2570 qvcod
474 2488 690 2572 Ransberqms
710 2489 763 2554 itte
784 2495 814 2554 et
828 2489 1038 2570 Apronianus
1051 2490 1187 2568 Hecto,
1203 2492 1299 2571 prior
1312 2490 1438 2572 Aueiae
1452 2488 1601 2565 Maioris,
1625 2487 1682 2568 qui
1703 2508 1788 2551 anuo

139 2597 224 2658 1712
244 2595 395 2675 epitomen
416 2593 567 2658 historiae
589 2595 773 2658 monasterii
793 2596 847 2659 sui
868 2597 968 2677 (nune
983 2597 1118 2659 codicem
1133 2597 1333 2660 chartaceum
1348 2593 1533 2659 monasterii
1552 2589 1788 2672 Oapucinvrum

138 2698 342 2782 Brivantini)
365 2698 551 2780 compilavit,
574 2698 729 2762 nonnulla
750 2700 880 2764 nentina
902 2721 940 2763 en·
963 2698 1027 2763 iilis
1047 2698 1230 2782 necroioviis
1250 2700 1340 2763 nobis
1359 2700 1627 2772 conservaverant,
1650 2715 1731 2776 quoe
1753 2693 1789 2755 in

136 2803 313 2867 recensione
339 2801 485 2884 Popeiini
512 2803 743 2866 desiderantur.
794 2797 883 2866 Haec
911 2804 1057 2881 nviteina,
1086 2825 1168 2885 quae
1195 2804 1274 2868 mihi
1301 2804 1351 2867 vir
1378 2801 1564 2867 reverendus
1590 2798 1789 2864 Laurentius

146 2905 283 2985 Wocber,
300 2905 552 2972 bilrlivtbeearius
562 2908 687 2988 Aueiae
698 2906 848 2984 Maioris,
863 2906 1063 2972 libentissime
1078 2909 1174 2986 misit,
1194 2909 1246 2972 hic
1262 2907 1363 2972 literis
1377 2906 1476 2971 latius
1494 2905 1656 2986 dispositis
1671 2902 1786 2966 rvotccvi.

242 3009 374 3091 Popelin
402 3011 573 3094 uecrolvoio
601 3034 659 3076 suo
688 3012 768 3076 duos
796 3010 951 3094 cataloaos
981 3013 1122 3090 addidit,
1159 3033 1293 3094 quorum
1319 3011 1400 3076 atter
1427 3010 1635 3091 benefactores
1662 3007 1788 3089 Aueiae

137 3116 278 3181 Maioris
305 3122 334 3180 ct
362 3117 446 3180 dona
474 3118 514 3180 ab
545 3118 590 3181 eis
617 3118 806 3181 monasteria
838 3117 930 3194 data,
965 3117 1046 3181 atter
1073 3118 1236 3198 clemenctos
1270 3119 1307 3182 in
1336 3117 1525 3183 monasterio
1556 3115 1623 3196 ipso
1653 3111 1789 3194 sepultos

136 3221 288 3285 nominat.
333 3220 403 3285 Eas
424 3221 591 3302 utriusque
613 3220 747 3303 cambrai
768 3228 874 3298 notas,
897 3243 979 3302 quive
1000 3222 1080 3286 uvibi
1101 3223 1153 3286 bic
1175 3223 1311 3287 edendae
1332 3223 1528 3298 videbantur,
1552 3221 1588 3284 iu
1609 3217 1788 3284 aronotatio-

136 3326 232 3390 nibus
253 3325 365 3390 adieci.

826 3486 1103 3562 IANUARIUS.

157 3623 178 3673 1.
304 3619 360 3674 kal.
395 3619 540 3674 Beselinus
557 3638 598 3674 cv.
611 3638 637 3674 ιι
651 3638 673 3676 c.
701 3619 848 3674 Elisabeth
867 3631 954 3674 cvrn.
967 3637 989 3674 c.
1017 3620 1181 3674 Hermanno.
1209 3619 1338 3675 Adilhoit
1356 3621 1388 3674 1⁸.
1417 3619 1525 3674 Hiltrut
1542 3637 1582 3672 cv.

153 3708 178 3760 2.
246 3707 284 3761 IV
302 3723 366 3760 non.
395 3706 546 3761 Cunrsdus.
574 3706 683 3761 Ulricus
701 3707 719 3760 l.
747 3706 874 3761 hdilhsit
889 3706 908 3759 l.
936 3706 1057 3764 Gerdrut
1074 3706 1091 3760 l.
1120 3706 1250 3761 Meehtilt
1268 3707 1286 3759 l.

155 3795 179 3848 3.
247 3794 287 3847 ΙΙΙ
304 3811 368 3848 non.
396 3793 543 3848 Heinricus
560 3810 614 3850 sse.
633 3794 668 3848 de
687 3795 828 3864 Marpaeh.
857 3793 993 3848 Henricus
1012 3793 1072 3863 pbr.
1082 3812 1108 3848 ιι.
1122 3812 1144 3848 c.

154 3881 178 3935 4.
258 3881 284 3934 II
302 3897 367 3935 non.
394 3879 542 3934 Volmarus
559 3899 594 3935 m.
608 3899 634 3935 ιι.
648 3899 669 3936 c.
698 3881 853 3936 Xatherins
871 3879 1010 3935 monialis.

155 3971 179 4023 5.
302 3985 366 4022 non.
394 3966 572 4021 Eberhardus
591 3985 632 4022 cv.
645 3985 671 4022 n.
685 3985 707 4022 c.
733 3966 908 4022 humboldus
926 3966 1002 4037 prior
1020 3985 1046 4020 ιι.
1060 3985 1081 4021 c.

155 4055 179 4106 6.
221 4055 287 4109 VIII
305 4054 342 4110 id.
395 4056 522 4110 Cunom.
536 4073 597 4111 ιιι.
624 4055 807 4110 Judintasor.
833 4055 985 4118 Cunradus,
999 4055 1165 4124 Rudolphus
1179 4055 1197 4108 l.
1221 4053 1360 4108 Martinus
1371 4053 1464 4122 Runrp
1477 4070 1550 4106 enno
1563 4053 1629 4106 14ὅὸ
1643 4052 1788 4120 priores.

155 4143 178 4195 1.
235 4141 287 4196 VII
304 4142 342 4196 id.
395 4142 492 4197 Chuno
511 4162 587 4198 ιιιιι.
602 4147 638 4199 e.¹

155 4231 180 4282 8.
246 4229 285 4282 VI
303 4228 340 4283 id.
393 4228 490 4284 Chuno
508 4230 527 4286 l.
557 4231 671 4286 Methilt
689 4231 720 4285 1⁸.
750 4230 926 4284 Eberhardus
946 4230 1005 4299 pbr.
1019 4233 1048 4284 et
1059 4249 1094 4284 m.
1108 4248 1135 4282 ιι.
1149 4247 1172 4283 c.

155 4315 179 4368 9.
261 4315 341 4371 Vid.
395 4315 518 4371 Hadeloe
536 4317 569 4372 1⁸.
597 4316 686 4387 Egino
705 4318 723 4372 l.
753 4317 892 4381 Heilbick,
911 4316 1091 4380 Hildeburck,
1110 4315 1246 4371 Lutvldus
1266 4317 1283 4370 l.

141 4401 180 4454 10.
249 4402 287 4455 IV
305 4402 342 4456 io.
397 4403 558 4458 Waltherus
577 4423 692 4459 cv.n.c.
721 4404 888 4475 Swiggerus,
907 4403 1065 4468 cunradus„
1080 4403 1235 4458 Dietericus
1254 4403 1271 4458 l.
1302 4402 1448 4456 Heinricus
1468 4401 1555 4456 miles.

140 4490 178 4543 11.
246 4489 286 4543 III
304 4491 341 4544 id.
394 4489 548 4546 Elisabeth.
577 4491 723 4546 Heinricus
740 4492 759 4545 l.
786 4489 934 4544 Heinricus
952 4507 1005 4544 sac.
1033 4490 1068 4544 de
1086 4489 1277 4552 anbrehtz,
1296 4489 1387 4544 dictus
1405 4488 1571 4542 Losbucher.

138 4576 179 4630 12.
262 4576 287 4629 ll
305 4575 342 4631 id.
396 4577 542 4632 Heinricus
560 4595 599 4633 cv.
614 4597 640 4632 n.
653 4596 675 4633 c.
701 4578 862 4648 Meingotus
880 4595 920 4632 cv.
933 4595 959 4631 n.
974 4595 995 4633 c.
1024 4578 1154 4632 Mechtilt
1171 4577 1306 4647 palatina.

139 4664 179 4718 13.
307 4663 343 4717 id.
397 4665 467 4720 Kolo
486 4666 517 4718 l.²
545 4665 608 4720 Uto.
638 4665 748 4721 Wessil.
775 4665 885 4720 Heilbic
899 4666 917 4718 l.

140 4751 179 4805 14.
221 4751 286 4804 XIX
304 4751 359 4805 kal.
397 4752 576 4806 Berchtoldus
593 4753 611 4807 l.
639 4753 786 4807 Heinricus
804 4753 887 4807 Fabri
906 4771 1015 4809 m.n.e.
1035 4757 1064 4808 et
1081 4769 1159 4823 ppos.
1179 4753 1208 4806 in
1227 4753 1379 4822 Lingenow
1397 4769 1470 4806 anno
1490 4752 1565 4806 1493.

139 4839 178 4893 15.
194 4837 288 4892 XVIII
306 4838 361 4892 kal.
398 4839 528 4892 Albertus
546 4839 617 4894 diac.
635 4843 664 4894 et
682 4858 757 4894 m.n.
771 4859 793 4895 c.
820 4841 933 4895 Diemut
951 4850 1006 4895 cv⁸.
1034 4841 1199 4895 hudeicus
1218 4842 1236 4895 l.

140 4927 179 4979 lo.
208 4925 287 4979 XVII
304 4925 360 4980 kal.
396 4926 549 4981 Elisabeth.
579 4927 724 4982 Cunradus
742 4928 760 4982 1.
788 4928 940 4998 lrmingart
957 4928 990 4982 1⁸.

138 5012 179 5065 17.
220 5011 285 5066 XVI
303 5011 359 5067 kal.
395 5013 543 5069 Heinricus
561 5032 629 5069 com.
658 5013 692 5068 ds
711 5015 863 5070 Montelort
878 5015 1000 5070 subdiac.

140 5100 178 5154 18.
236 5099 286 5153 XV
303 5100 360 5155 kal.
396 5101 485 5156 Maria
504 5101 620 5156 ducissa.
648 5101 782 5172 Heiliggn
800 5103 832 5156 1⁰.

140 5187 179 5239 19.
221 5187 286 5240 XIV
304 5187 360 5241 hal.
398 5188 513 5243 Wesillo
531 5206 573 5242 cv.
586 5206 612 5241 ιι.
626 5207 647 5242 c.
675 5188 790 5243 Methilt
807 5190 839 5243 1⁸.
868 5191 995 5244 Adilhait
1013 5201 1068 5246 cvr.
1095 5189 1274 5244 Gebehardus
1292 5190 1372 5244 miles
1391 5190 1425 5243 de
1444 5187 1647 5243 haldenberch.

137 5275 178 5329 20.
219 5274 285 5328 XIII
303 5273 359 5328 kal.
395 5275 897 5331 Betthocom⁸¹etGunthnln1usl.
925 5278 1023 5332 Albert
1041 5278 1100 5348 pbr.
1115 5280 1143 5332 et
1155 5296 1191 5331 111.
1220 5277 1349 5332 Adilhait
1368 5278 1400 5332 1⁸.

401 5387 571 5394 ..Ἦ-..-
602 5390 672 5395 ...-
931 5389 1276 5396 ...,.—*-.-—.-..-....-.-
1517 5387 1640 5392 -—-—

241 5453 263 5517 ι)
283 5449 364 5504 Dedit
383 5449 525 5517 Sidoniam
545 5454 568 5501 ct
588 5446 783 5519 Siqnmrinoen.
888 5453 910 5518 ι)
929 5450 1025 5504 Donat
1043 5453 1200 5506 munasterio
1218 5451 1348 5506 eocbsivm
1366 5452 1504 5505 Indiracb.
1608 5451 1631 5518 s)
1653 5446 1789 5515 Itrcdolphi

136 5537 236 5591 comitis
261 5536 294 5590 dc
316 5537 472 5603 Reiuscldcn
493 5541 517 5591 ct
538 5537 684 5606 Habspnrv
710 5554 813 5592 necnon
835 5537 911 5592 domn
935 5539 1102 5593 Allcrrmniac
1126 5556 1159 5594 oc
1182 5539 1295 5593 Sustine
1318 5545 1400 5607 atquc
1424 5539 1494 5608 renis
1512 5539 1697 5593 Rorrmnorum
1719 5535 1787 5602 filia,

138 5622 262 5677 Helm-ivi
274 5623 334 5676 III.
353 5629 378 5678 ct
391 5623 449 5691 IV,
467 5623 550 5678 buius
567 5641 600 5678 cv
614 5624 681 5692 filia,
699 5625 774 5680 iliius
791 5641 850 5680 vero
864 5641 896 5679 cc
910 5641 998 5680 sorore
1009 5627 1102 5694 neptis,
1120 5627 1189 5680 inter
1198 5628 1282 5695 phora
1295 5626 1353 5680 alio
1364 5643 1445 5680 rarae
1455 5625 1599 5680 admodum
1610 5623 1789 5691 boneficurtiae

138 5715 306 5764 moriumentu
314 5711 412 5776 vocitet
421 5711 551 5764 wdcmam
563 5713 594 5765 iu
603 5711 791 5781 &normannis
801 5729 859 5767 cunr
870 5714 942 5768 virini
954 5714 1013 5766 iure
1024 5729 1087 5781 suo;
1098 5714 1155 5768 eins
1164 5731 1260 5782 comtes
1268 5714 1407 5780 requiescit
1419 5713 1449 5766 in
1458 5712 1541 5766 rnedm
1550 5713 1665 5766 cadusiae
1675 5715 1788 5764 rostrae.

241 5813 321 5862 Nece.
341 5812 405 5860 Avo.
423 5812 567 5862 Οοιιετιιιτ.
586 5813 649 5862 cun.
1549 5810 1581 5862 19
