4298 6436
638 395 901 452 NECROLOGIUII
920 397 1185 455 snunonunnsn.
1677 407 1740 468 515

84 569 125 622 18.
182 565 234 622 XV
251 569 307 623 kal.
342 569 393 623 Ita'
417 568 449 623 In
472 569 536 624 dem
551 569 683 625 Winchle
706 570 751 625 ob.
787 570 924 642 Magister
947 572 1086 627 Amoldus
1112 572 1147 626 de
1165 573 1280 628 Gronau
1305 590 1335 628 aa
1358 572 1461 628 Obrost
1486 573 1530 628 ob.
1567 574 1650 629 Anna
1677 591 1746 630 uxor

396 656 535 711 Waltheri
553 656 623 711 dicti
642 658 762 712 Amman
780 658 815 712 de
834 659 929 713 Sarna.
962 660 994 713 a.
1014 659 1064 714 der
1081 659 1203 715 anoler.

85 752 125 805 19.
169 750 235 804 XIV
253 750 309 804 kal.
347 743 420 809 Sor.
443 744 565 809 Bercta
588 744 628 808 de
643 743 772 811 Yaeltal
795 745 847 810 ob.

83 855 126 908 ΞΟ.
168 853 235 908 XIII
253 854 309 908 Iral.
345 845 519 912 Mechthilt
542 847 583 912 de
607 848 719 914 Escha
743 850 796 914 ob.

83 959 126 1013 21.
182 957 234 1012 IIII
253 957 308 1012 kal.
344 950 486 1016 Domina-
509 950 653 1017 Berchta
675 951 716 1018 de
741 952 919 1040 Spiringen
942 953 993 1019 ob.
1026 969 1099 1024 Wal.
1119 971 1163 1024 An
1186 970 1249 1025 dem
1267 969 1346 1025 Hove
1368 970 1403 1025 de
1421 971 1525 1026 Bawen
1549 971 1593 1026 ob.
1625 971 1746 1028 Domina

395 1053 520 1108 Uetecha
537 1070 608 1109 uxor
624 1053 731 1110 domini
749 1055 782 1108 II.
802 1055 836 1110 de
851 1054 932 1109 Tuno
951 1055 994 1110 ob.
1026 1055 1188 1110 Waltherua
1207 1056 1299 1111 dictus
1318 1056 1441 1126 Egerder
1459 1058 1493 1110 de
1511 1056 1645 1112 Silennon
1665 1057 1710 1112 ob.

82 1121 132 1204 22.¹
194 1149 233 1203 XI
251 1148 307 1202 IraI.
343 1138 491 1206 Ruodolf
510 1139 551 1206 de
568 1142 704 1208 Uostirn
727 1142 780 1208 ob.
817 1142 871 1208 Fr.
890 1141 963 1208 Uol.
987 1142 1060 1228 pbr.
1084 1142 1125 1208 de
1150 1143 1254 1210 Slatte
1279 1144 1329 1210 ob.
1368 1141 1447 1208 Otto
1471 1165 1537 1210 nac.
1555 1143 1615 1209 In*

82 1255 126 1308 23.
209 1251 308 1306 Xkal.
345 1245 397 1310 Fr.
415 1243 620 1310 Christianus
644 1246 685 1310 de
702 1245 835 1333 Moiyon
857 1247 909 1312 ob.
946 1263 1059 1333 Agnasa
1077 1279 1154 1318 soror
1171 1262 1278 1317 domini
1298 1261 1355 1334 [de]
1371 1262 1451 1317 'Iuno
1470 1262 1513 1318 oh.
1545 1264 1666 1318 Berehta
1685 1263 1743 1318 filia

394 1347 512 1402 Amoldi
529 1348 613 1417 Apud
632 1347 732 1417 Ripam
752 1347 796 1402 ob.
827 1348 934 1403 Currat
952 1350 1080 1418 Bergaris
1099 1367 1159 1404 sun.

82 1443 125 1498 24.
194 1442 233 1497 lX
251 1442 307 1496 kal.
343 1433 395 1498 Ita
410 1455 474 1501 sor.
487 1441 600 1499 nostra
615 1434 656 1499 de
668 1434 776 1500 Rieda
791 1435 843 1500 ob.
876 1451 919 1505 Fr.
930 1450 1039 1506 Rinhne
1051 1450 1086 1505 de
1096 1451 1210 1520 Bruggo
1222 1450 1266 1505 ob.
1290 1449 1427 1507 Wernhar
1439 1452 1519 1507 faber
1529 1451 1564 1508 de
1574 1451 1688 1523 Brugga
1700 1451 1746 1507 ob.

395 1536 557 1590 Waltherun
575 1536 618 1590 ob.
649 1536 777 1591 Uolricus
799 1536 833 1590 de
852 1537 1019 1592 Buochholz.
1052 1537 1169 1592 Hemma
1187 1537 1229 1592 ob.
1261 1537 1393 1593 DIemuot
1414 1537 1612 1609 deWiaingnu
1630 1539 1675 1594 ob.

100 1637 125 1687 .·.
166 1633 233 1686 VIII
252 1632 308 1687 IraI.
343 1623 502 1688 Dominus
525 1624 690 1689 Arnoldus
720 1625 815 1690 miles
845 1624 963 1690 nobilis
993 1624 1035 1690 de
1055 1624 1188 1706 Briens‚
1222 1625 1375 1690 fundator
1404 1627 1500 1691 istius
1529 1627 1646 1692 domus
1674 1628 1743 1694 ob.¹

396 1726 547 1782 GerdrudIs
563 1727 599 1781 de
611 1726 765 1794 Stnnness)
792 1727 851 1794 ΠΒ)
864 1727 955 1782 Juaun
968 1727 1075 1783 Ousten
1088 1727 1132 1783 ob.
1161 1727 1281 1783 Berchta
1296 1727 1510 1785 deEmmueten
1528 1731 1572 1786 ob.
1600 1732 1746 1799 Marquart

394 1813 429 1867 de
447 1813 548 1867 Sedorf
562 1813 605 1868 ob.
625 1817 654 1867 et
666 1813 810 1868 Mahtildin
829 1832 898 1869 uxor
916 1831 967 1870 sua
985 1815 1037 1879 ob.,·
1055 1832 1106 1884 pro
1125 1815 1227 1884 quibus
1245 1817 1349 1869 dantur
1362 1817 1395 1870 18
1407 1819 1424 1884 ι)
1443 1833 1494 1886 pro
1513 1833 1586 1887 pane
1604 1817 1746 1872 sororibus

393 1900 491 1954 domus
515 1919 535 1953 n.
555 1900 651 1954 Lannri
676 1900 711 1954 de
736 1901 823 1966 bono,
848 1901 924 1970 quod
948 1901 1053 1956 dicitur
1074 1902 1256 1971 Marquardes
1278 1902 1392 1957 Hoistat
1416 1903 1517 1958 hinder
1533 1904 1646 1958 Vesters
1670 1904 1745 1957 hus.¹

396 1985 515 2040 Domina
533 1985 660 2039 Elizabet
677 1986 713 2040 de
732 1986 820 2040 Kerns
838 1985 881 2041 ob.

119 2118 124 2129 .
182 2074 235 2129 VII
253 2072 309 2128 kal.
345 2071 450 2127 Cunrnt
468 2073 520 2127 abe
538 2073 628 2127 Matte
646 2072 703 2126 und
722 2072 765 2126 sin
784 2071 893 2139 wirte⁸)
911 2073 1036 2128 Hamme.

120 2205 127 2218 .
196 2161 234 2216 VI
253 2160 309 2215 kal.
346 2160 515 2214 Wernherus
533 2159 576 2214 ob.
606 2159 656 2214 Ob,
671 2160 781 2213 Walter
798 2160 872 2214 filius
892 2159 1053 2216 chuonradi
1072 2160 1247 2214 Marchwart.

120 2291 126 2303 .
209 2248 234 2300 V
252 2247 308 2302 kal.
344 2246 402 2301 Sor.
422 2247 542 2301 Berchta
559 2244 594 2299 de
607 2243 837 2316 Attingenhnsen
855 2244 915 2301 ob.⁸

101 2375 126 2390 ..
194 2335 233 2389 IV
251 2334 308 2388 kal.
344 2334 491 2389 Heinrirus
509 2333 601 2388 dietus
620 2333 712 2387 Vallia
730 2338 773 2388 ob.

119 2463 126 2476 .
207 2422 235 2478 H
252 2420 308 2476 kal.
343 2420 468 2475 Ruodolf
483 2421 582 2476 Muoao
600 2419 643 2474 ob.
674 2420 835 2490 Margareta
853 2419 888 2475 de
907 2419 1012 2475 Sedori.

808 2600 1013 2674 APRILIS.

250 2732 306 2787 kal.
343 2732 387 2787 Ita
409 2731 568 2787 Stuolaezin
594 2734 637 2789 ob.
675 2735 858 2790 Ohuonradns
885 2736 920 2790 de
942 2735 1131 2791 Mnasuandon
1158 2735 1201 2790 ob.
1240 2735 1367 2812 Uolrinua
1394 2736 1430 2790 ab
1454 2736 1551 2818 Perge,
1582 2735 1744 2793 Chuoradus

395 2819 498 2873 Furere
515 2818 558 2873 ob.

119 2949 125 2961 .
194 2906 233 2961 IV
251 2923 315 2960 non.
344 2905 389 2959 Ita
406 2921 475 2959 uxor
494 2905 621 2960 Ruodolfi
638 2907 870 2961 molendinatoria
888 2906 923 2962 de
941 2908 1038 2963 Altorf
1052 2908 1096 2963 ob.

119 3037 125 3050 .
190 2994 232 3048 III
250 3010 315 3048 non.
343 2993 401 3047 Sor.
419 2991 536 3046 Hemma
554 2992 597 3046 ob.
629 2993 672 3047 nr.
693 2993 832 3047 Amoldna
850 2994 885 3048 de
904 2993 1030 3049 Lucerna
1048 2994 1091 3050 ob.
1122 2993 1270 3049 Heinricns
1289 2994 1391 3065 Sparro
1409 2994 1453 3049 ob.
1723 3031 1724 3034 =

119 3125 124 3136 .
208 3081 232 3134 11
251 3097 316 3135 non.
343 3076 524 3134 Chuonradus
542 3078 576 3132 de
589 3078 693 3132 Widon
711 3079 756 3133 ob.
786 3079 925 3133 Arnoldns
944 3095 999 3134 von
1013 3080 1106 3134 Husen
1124 3080 1168 3135 ob.
1200 3080 1254 3135 Cr·
1266 3081 1310 3136 lta
1323 3080 1359 3135 de
1369 3081 1456 3134 Haala
1469 3081 1514 3136 ob.
1527 3069 1633 3136 ordinis
1646 3083 1744 3138 nostri.

393 3165 510 3218 Hemma
529 3163 565 3217 ab
584 3165 724 3232 Noetonss)
743 3165 788 3220 ob.
818 3166 935 3220 Machtil
954 3166 989 3220 de
1007 3166 1127 3221 Stannes
1145 3167 1189 3221 ob.

250 3271 316 3309 non.
343 3249 459 3305 Chuono
478 3250 628 3320 Figillntor
645 3251 688 3306 ob.
720 3252 764 3305 Fr.
783 3252 872 3306 Ruod.
892 3252 984 3307 dictus
1002 3252 1110 3307 Swarne
1128 3251 1163 3306 de
1181 3253 1278 3308 Altorf
1293 3253 1336 3309 ob.

119 3395 125 3406 .
169 3349 235 3404 VIII
253 3349 291 3403 id.
343 3337 493 3424 Eglolfus
515 3359 681 3425 gyppoaus
705 3340 746 3404 dn
769 3339 881 3404 Altori
901 3341 952 3407 ob.
993 3357 1093 3411 Bercta
1111 3355 1248 3425 Ludnis·)
1268 3356 1312 3412 ob.

119 3490 125 3502 .
196 3445 235 3499 VI
253 3445 290 3500 id.
344 3441 520 3496 Burchnrdua
547 3441 582 3496 de
604 3441 705 3497 Sedorf
726 3442 768 3497 ob.
804 3443 847 3497 Fr.
867 3443 993 3498 Uolricus
1021 3444 1113 3499 dietus
1139 3444 1175 3498 de
1193 3443 1334 3499 Bnochola
1357 3443 1416 3507 ob„
1443 3443 1492 3511 qui
1517 3442 1665 3498 constituit
1686 3444 1745 3499 an

393 3526 519 3582 redditus
546 3527 695 3583 conventui
722 3527 805 3582 huius
830 3529 942 3590 domna,
970 3527 1019 3598 qui
1043 3529 1148 3584 dantur
1171 3528 1261 3583 tribus
1284 3529 1392 3584 vicibus
1418 3529 1447 3582 in
1471 3545 1559 3596 anno,
1586 3529 1693 3584 scilicet
1715 3530 1743 3583 in

394 3613 554 3669 Natiutate
571 3614 695 3680 Domini,
717 3615 747 3668 in
766 3616 853 3670 Pauca
872 3619 901 3670 at
918 3616 1115 3682 Penthecoste,
1135 3618 1244 3670 amatur
1261 3614 1343 3669 albus
1360 3615 1455 3684 panis,
1474 3615 1571 3669 vinum
1590 3618 1619 3670 et
1638 3631 1742 3684 carnes,

395 3701 425 3754 et
441 3700 616 3755 ministretur
633 3701 667 3756 da
685 3702 742 3756 IIII·
761 3702 797 3757 ad
815 3719 939 3758 mensam
958 3707 1112 3759 conventus
1130 3701 1336 3759 habundanter.

119 3847 124 3858 .
210 3801 236 3855 V
253 3799 291 3854 id.
344 3787 536 3854 Ouonradus
559 3788 599 3854 de
624 3790 758 3856 Gronun
782 3792 835 3857 ob.
870 3805 1008 3861 Burchart
1026 3807 1060 3861 de
1072 3806 1300 3861 WIterswandon
1319 3806 1374 3860 Uzz
1393 3805 1443 3861 der
1459 3806 1570 3862 Gazzun
1589 3805 1632 3860 ob.
1664 3804 1744 3859 Wal-

393 3892 490 3946 therus
508 3891 582 3946 filius
600 3891 729 3947 Seselerii
749 3893 792 3948 ob.

83 3987 125 4041 10.
195 3981 234 4037 IV
252 3981 289 4035 id.
342 3978 385 4032 Fr.
404 3977 534 4033 Uolricus
551 3978 587 4032 de
605 3979 750 4033 Muotedal
768 3979 828 4034 ob.V
1725 3985 1726 3988 ’

83 4074 124 4128 11.
192 4070 233 4123 lII
252 4068 289 4122 id.
343 4065 401 4120 Sor.
414 4066 594 4121 Mechthildis
608 4069 651 4122 An
665 4067 713 4122 der
726 4067 837 4122 Garsa*
868 4066 968 4121 Bercta
987 4062 1201 4122 uxoanreardi
1214 4065 1337 4122 Wenlres
1355 4066 1399 4122 ob.
1430 4063 1745 4134 MeehthiltSchiilinga

393 4153 489 4207 wirtin
508 4153 551 4210 ob.

83 4247 125 4300 13.
253 4241 291 4295 id.
347 4238 508 4294 Waltherns
526 4240 562 4294 ab
581 4239 677 4310 Perge.
710 4239 760 4295 Ob.
780 4240 921 4295 Richenza
938 4240 974 4294 ab
993 4237 1134 4295 Ebenode.

82 4332 124 4386 14.
137 4330 231 4384 XVIII
249 4329 305 4384 kal.
341 4326 479 4381 Barchart
496 4327 531 4382 de
549 4327 693 4381 Lielibach
712 4327 755 4382 ob.
786 4327 909 4383 Golbnrc
927 4327 971 4382 ob.
1002 4327 1143 4381 Richenaa
1160 4326 1195 4381 de
1214 4325 1323 4382 Yseltal
1341 4327 1374 4381 In
1392 4325 1442 4380 dar
1460 4325 1598 4380 Schrotun
1617 4323 1661 4380 ob.

81 4420 124 4473 15.
152 4416 232 4472 XVII
249 4415 306 4470 kal.
343 4413 480 4467 Burchart
499 4413 541 4468 ob.
572 4415 690 4468 Hemma
708 4417 737 4468 et
755 4415 881 4470 Rikenaa
898 4415 933 4469 de
951 4414 1163 4484 Meouzelingen
1182 4414 1225 4470 ob.
1256 4413 1428 4470 chonradus.

82 4509 124 4562 16.
165 4503 231 4558 XVI
250 4502 306 4556 kal.
342 4502 505 4556 Waltharns
523 4499 615 4555 dictur
633 4499 668 4555 da
686 4500 911 4571 Sigmundingen
930 4501 974 4556 ob.
1005 4501 1092 4555 Arnol
1109 4517 1172 4556 won
1190 4501 1358 4556 Buochholc.
1389 4497 1513 4554 Brunder
1525 4497 1660 4552 Heinrich
1680 4497 1743 4552 Zem

397 4589 552 4642 annau*

82 4680 123 4734 17.
183 4676 234 4730 XV
252 4675 308 4730 kal.
343 4675 471 4730 Uohicua
484 4675 576 4744 Zeggo
595 4675 639 4729 ob.
669 4675 823 4730 Ituodolfun
836 4675 1009 4730 Niemerschi
1022 4675 1065 4730 ob.
1097 4673 1260 4729 chunradus
1275 4674 1309 4729 de
1323 4673 1434 4728 Widon.
1465 4671 1744 4728 SwestarEIiaabeta

388 4762 429 4816 'de
447 4761 683 4832 Attingenhusen‚
702 4763 753 4816 her
770 4762 913 4833 Eggelolff
927 4762 1020 4817 tehter
1039 4763 1097 4832 (sie)
1118 4762 1162 4817 ob.

186 4973 210 5042 Ι)
236 4973 335 5026 Nomen
355 4989 439 5040 paene
459 4973 621 5036 actitamus,
648 4981 713 5024 certe
735 4990 788 5023 non
809 4973 951 5039 leyendum.
1063 4971 1090 5038 1>)
1109 4971 1242 5023 Domina?
1352 4971 1374 5036 e)
1400 4969 1444 5022 Vel
1465 4969 1582 5034 Nodum
1607 4979 1672 5024 certe
1692 4987 1745 5022 noa

81 5061 226 5131 rnatum.

187 5199 209 5266 r)
222 5197 331 5251 Saeculo
342 5195 406 5250 XV.
419 5196 450 5249 ia
460 5193 573 5261 &edors
579 5210 675 5249 norun
684 5193 836 5261 fundatam
848 5193 902 5247 iam
914 5210 927 5247 e
938 5195 1062 5248 marrona
1074 5210 1195 5248 tororum
1206 5193 1313 5247 doetam
1324 5207 1377 5248 esst
1389 5191 1505 5260 videtum
1516 5209 1582 5246 nam
1593 5193 1743 5247 Ioimnaem

82 5285 229 5342 Schwerter
245 5281 476 5338 commemorem
493 5281 525 5334 ia
544 5280 636 5347 Gferm
653 5287 676 5334 et
694 5280 808 5347 Saedors
823 5285 1010 5349 (Im-1442)
1026 5281 1058 5333 in
1075 5281 1142 5334 libro
1160 5297 1210 5334 auo
1227 5279 1377 5346 rationum,
1403 5279 1451 5348 qui
1469 5294 1544 5332 nunc
1561 5283 1597 5332 art
1614 5278 1744 5332 tabularii

79 5372 193 5426 civitatis
211 5370 345 5437 aarum,
370 5369 535 5436 irtaripaisaa
555 5369 621 5422 mVu'
642 5369 683 5422 Ia'r
699 5369 862 5422 clarissimus
885 5368 934 5422 TI.
952 5368 983 5422 dc
1002 5367 1141 5422 Liebenaa
1159 5367 1313 5422 nuntiant·
1337 5367 1392 5434 „Ze
1411 5365 1516 5434 Sedorf
1525 5367 1565 5420 aol
1581 5383 1646 5420 man
1664 5366 1746 5435 bnyaa

74 5458 180 5526 uruca
203 5457 249 5522 uff
266 5455 378 5526 rann
400 5472 427 5508 ze
444 5456 584 5525 Pfinysnn
606 5456 637 5509 n
661 5455 706 5509 aer
725 5455 898 5510 nomm
914 5455 958 5509 nn
970 5454 1056 5522 jann
1072 5454 1116 5514 aa
1132 5454 1242 5524 ynam
1259 5453 1359 5520 arnor,
1384 5453 1419 5506 at
1433 5469 1551 5521 mesen
1567 5451 1615 5508 ter
1633 5441 1699 5508 nni
1717 5469 1745 5507 ιι

81 5544 140 5598 dan
158 5543 249 5610 SIn'n,
266 5543 353 5608 riter,
372 5542 419 5595 ouh
436 5543 502 5596 aller
519 5541 567 5596 der
583 5543 729 5610 momen,
748 5542 790 5596 dit
807 5542 838 5595 ia
855 5558 953 5596 unsara
969 5541 1063 5596 ardeas
1078 5542 1179 5610 902an
1197 5538 1378 5605 nudarum
1395 5539 1460 5608 aiat,
1479 5539 1525 5593 der
1542 5539 1666 5594 utenda
1683 5539 1745 5594 una

80 5631 127 5686 oda
149 5630 197 5684 der
221 5630 316 5683 tdm‘fi
420 5633 443 5696 a)
461 5629 538 5682 Haec
561 5634 626 5683 nota
649 5630 755 5683 sacerdo
775 5629 840 5684 XV.
864 5629 895 5682 In
917 5629 1036 5697 muryim
1052 5627 1176 5694 aaron
1192 5627 1276 5681 trtius
1292 5625 1354 5692 solii
1370 5625 1401 5678 In
1418 5626 1538 5695 linyuam
1558 5625 1745 5684 Germaniam

80 5719 215 5774 IransIaIu
234 5722 279 5770 ear.
316 5713 390 5770 Haoe
408 5715 549 5770 Iram-alcuin
567 5716 646 5770 etiam
663 5714 811 5786 Hodrniqim
826 5714 912 5783 filiam
930 5713 1096 5784 Marqaardi
1110 5713 1232 5786 praefati
1249 5711 1378 5768 nomm.

1467 5807 1522 5864 65·
