4492 6444
909 378 1173 435 NECROLOGIUM
1193 377 1555 434 WESSOBRUNNENSE.

645 878 1128 974 Nscssococloor
1160 828 1813 975 Wesmssrrossesse

508 1112 751 1206 Mucianum
773 1135 957 1199 mommo
980 1133 1276 1200 Wessooumeco
1298 1133 1487 1199 croceum
1509 1155 1531 1198 a
1553 1135 1631 1198 occe
1647 1134 1877 1200 Barnaeum
1895 1133 2059 1199 caseon

401 1268 486 1313 anno
500 1253 539 1312 ut
548 1253 669 1329 putant
685 1248 749 1312 753
764 1247 907 1329 fundati,
931 1269 992 1328 quo
1008 1251 1176 1330 antiquius
1190 1249 1295 1313 adbuc
1317 1270 1381 1314 non
1402 1250 1554 1326 novimus,
1577 1254 1653 1313 sunt
1674 1254 1767 1313 notae
1788 1248 1996 1330 necroiopicac
2018 1248 2058 1312 ab

401 1352 512 1417 abbate
526 1352 709 1431 Benedicto,
731 1353 788 1434 qui
802 1372 933 1416 munuc
947 1352 1079 1433 functus
1093 1358 1138 1418 cst
1153 1375 1178 1417 c.
1193 1356 1374 1431 933-943,
1397 1353 1530 1417 inscribi
1544 1359 1667 1432 coeptae
1681 1357 1711 1417 et
1726 1373 1825 1434 usquc
1839 1352 1883 1416 ari
1896 1351 2059 1416 saeuitum

403 1455 505 1521 XIII.
533 1457 738 1522 continuatae
764 1462 794 1521 ct
820 1458 910 1522 nobis
938 1463 1079 1522 servatae
1105 1458 1278 1540 receptari
1304 1458 1468 1539 ditipcnter
1494 1457 1644 1538 confecto,
1673 1458 1732 1522 etsi
1758 1455 1991 1533 calendarium,
2022 1456 2059 1519 in

402 1581 464 1642 quo
491 1562 628 1643 scriptae
656 1567 763 1639 mont,
797 1562 1029 1645 orrtoprapbnm
1059 1564 1125 1628 iam
1150 1561 1275 1628 saecuto
1304 1561 1400 1626 XVI.
1423 1563 1566 1643 deperiit.
1618 1561 1656 1625 P.
1679 1561 1860 1642 Stephanus
1881 1558 2059 1640 Leopotdns

400 1664 497 1742 enim,
530 1665 704 1730 monachus
732 1665 1044 1745 Wessobrunnensis,
1075 1667 1199 1732 soeculo
1233 1666 1330 1731 XVI.
1360 1666 1420 1730 bas
1452 1671 1546 1731 notas
1578 1664 1787 1747 necroiopicas
1817 1664 2058 1728 accuratissime

402 1769 631 1849 transscripsit,
654 1775 750 1850 atque
771 1791 965 1851 qrconrquom
986 1771 1043 1835 boc
1057 1771 1244 1852 opuucrcium
1265 1771 1371 1852 iprsrrm
1393 1791 1480 1834 nunc
1500 1770 1626 1851 fnestra
1641 1769 1826 1850 requiritur,
1848 1789 1973 1832 mmma
1989 1769 2059 1831 eius

400 1871 491 1936 nobis
515 1878 641 1937 seruata
667 1879 713 1938 est
740 1894 836 1956 opera
858 1873 896 1937 P.
918 1873 1084 1939 Coelestini
1106 1875 1295 1952 Leutbrrcri,
1323 1874 1470 1938 mmmcbi
1499 1873 1809 1951 Wcssobrunnensis,
1842 1873 1899 1954 qui
1925 1893 1993 1936 eam
2022 1872 2060 1935 in

400 1975 517 2040 librum
536 1997 641 2054 suum,
665 1977 719 2042 cui
740 1977 928 2042 inscribitur
949 1978 1119 2056 „Historia
1140 1979 1325 2043 monasterii
1347 1977 1601 2060 Wessofontani“
1621 1977 1803 2060 (Aupustae
1825 1975 2058 2040 Vindelicorum
2123 1967 2126 1972 ’

399 2083 430 2143 ct
451 2078 606 2162 Frrburpi
625 2080 795 2164 Brispoioe
825 2081 926 2161 1⁷53)
954 2082 999 2145 II
1016 2086 1133 2144 1-14
1166 2083 1279 2146 iisdem
1312 2082 1411 2147 uerbis
1438 2104 1519 2146 usus
1549 2082 1674 2163 recepit.
1722 2083 1828 2163 Quare
1859 2081 1964 2162 facere
1993 2099 2059 2146 non

393 2202 539 2263 possam,
566 2184 646 2266 quin
671 2185 732 2249 bas
756 2191 850 2250 notas
876 2185 1097 2268 necrobopieas,
1126 2207 1148 2250 a
1176 2208 1223 2250 me
1246 2186 1278 2250 A
1300 2192 1520 2267 nrcncnpotos,
1550 2207 1589 2250 ex
1615 2185 1669 2250 iiio
1691 2184 1868 2250 Leutbneri
1895 2184 1974 2250 libro
2003 2181 2056 2247 bic

399 2291 545 2367 repetam.

502 2392 540 2474 2)
569 2391 643 2455 Veri
664 2391 831 2475 rucrolopii
851 2394 1037 2457 manasterii
1067 2392 1365 2459 Wessobrunnensis
1386 2393 1491 2456 adbuc
1513 2397 1617 2456 eccstat
1644 2392 1782 2456 recensio
1809 2391 1975 2467 recentior,
2003 2389 2059 2453 sed

399 2513 471 2558 cum
493 2494 658 2577 dilrpentia
679 2496 829 2577 consecto,
853 2517 935 2578 quae
957 2517 1044 2560 nanc
1065 2497 1251 2560 monosterii
1264 2495 1413 2560 Andecbs
1434 2496 1470 2559 in
1485 2495 1633 2559 Bovario
1649 2495 1816 2576 superiore
1837 2499 1892 2571 cst,
1915 2513 2058 2574 peraeque

393 2597 535 2679 popinas
555 2599 684 2662 1-731
706 2600 823 2663 codicis
845 2599 1074 2664 membranacei
1095 2601 1167 2682 (2⁰)
1190 2604 1336 2680 occupat,
1364 2600 1401 2662 in
1427 2620 1489 2680 quo
1512 2604 1644 2679 praeter
1665 2598 1874 2680 necrolopinm
1895 2595 2058 2678 catabrpus

399 2700 556 2784 abbatum¹
574 2701 698 2767 saeculo
722 2701 859 2767 XVIII.
882 2703 1071 2784 compositus
1093 2708 1122 2766 ct
1143 2701 1252 2784 reputa
1274 2723 1298 2765 s.
1315 2702 1483 2766 Benedicti
1509 2707 1539 2766 et
1561 2704 1687 2766 cantica
1708 2701 1845 2766 ritualia
1867 2701 1967 2765 modis
1987 2700 2059 2763 suis

399 2810 554 2870 omnum
575 2806 697 2888 scripta
718 2812 808 2885 sunt,
838 2808 896 2889 qui
917 2813 1023 2871 monn
1044 2806 1135 2872 hocin
1157 2807 1194 2870 in
1214 2808 1278 2888 fine
1300 2805 1433 2870 eaustus
1454 2811 1508 2870 est.
1557 2804 1661 2870 Oodee
1683 2807 1750 2887 ipse
1771 2804 1925 2886 operculis
1947 2803 2059 2886 lipneis

399 2908 486 2973 corio
508 2908 643 2986 obtectis,
665 2910 769 2974 unctio
791 2911 829 2974 in
842 2915 940 2991 parte
962 2916 991 2974 et
1014 2910 1049 2973 in
1071 2910 1211 2973 versuris
1233 2909 1364 2973 laminis
1382 2908 1513 2988 prciebre
1535 2908 1706 2990 exsculptis
1727 2930 1813 2974 nune
1835 2908 1980 2972 mun-itus
1995 2929 2058 2970 usu

400 3014 560 3079 cotidiano
580 3015 779 3096 inquinatus,
802 3016 857 3079 sed
870 3015 1049 3096 ceteroquin
1063 3015 1182 3096 inteper
1195 3019 1250 3078 est.
1295 3015 1392 3096 erern
1406 3013 1491 3095 qaod
1504 3012 1584 3076 mibi
1598 3013 1647 3076 oir
1661 3013 1849 3076 reverendus
1863 3012 1901 3076 P.
1915 3011 2059 3093 Mapnus

400 3103 527 3195 Sattler,
549 3118 695 3199 superior
717 3118 938 3196 Andeecensis,
960 3119 1006 3182 act
1026 3118 1146 3183 Fontes
1168 3118 1316 3184 Danubii
1337 3118 1434 3194 misit,
1457 3117 1577 3182 debitas
1599 3118 1628 3180 ei
1650 3117 1702 3181 bic
1722 3118 1845 3199 pretias
1867 3137 1934 3198 apo.

505 3220 575 3286 Hoc
597 3221 757 3302 ercernplar
778 3222 946 3304 necrotopii
975 3220 1283 3299 Wcssobrunnensis,
1311 3242 1332 3284 a
1354 3243 1402 3285 me
1424 3220 1458 3284 B
1479 3221 1686 3301 appelbrtnm,
1715 3221 1828 3301 confici
1850 3225 1990 3301 coeptum
2013 3225 2058 3284 cst

399 3345 485 3389 anno
501 3327 595 3388 1493.
640 3326 809 3389 Invenitur
831 3326 915 3389 enim
937 3325 1021 3388 inter
1040 3331 1133 3390 notas
1152 3327 1222 3390 eius
1236 3346 1336 3390 nianu
1351 3326 1462 3406 primo
1477 3326 1650 3405 inscriptas
1665 3325 1761 3388 etiam
1774 3345 1886 3388 nomen
1900 3323 2058 3388 Iohannis

390 3430 569 3511 praepositi
591 3428 780 3507 Robrensis,
807 3430 864 3511 qui
884 3434 1029 3494 mortuus
1051 3435 1097 3493 est
1118 3430 1169 3494 dic
1192 3429 1247 3493 VI.
1262 3428 1389 3509 Aprilis
1409 3449 1495 3492 anno
1517 3430 1611 3506 1493,
1640 3434 1735 3508 atque
1761 3448 1874 3492 rrcmen
1895 3426 2059 3490 Fridcrici

397 3533 613 3613 imperatoris,
643 3533 701 3615 qui
727 3533 805 3597 obiit
827 3532 878 3596 die
902 3532 1001 3597 XIX.
1017 3533 1159 3615 Armusti
1180 3554 1266 3597 anno
1289 3535 1374 3595 1493
1404 3533 1471 3597 iam
1498 3554 1520 3596 a
1542 3533 1761 3596 continuatore
1780 3533 1888 3612 primo
1910 3531 2059 3594 additum

397 3641 451 3699 cst.
496 3635 637 3700 Nomina
658 3639 765 3700 aretem
786 3657 808 3698 a
822 3656 922 3700 manu
936 3637 1050 3716 primo
1065 3638 1186 3717 scripta
1201 3636 1348 3718 plurium
1362 3635 1481 3699 bansta
1499 3641 1576 3700 sunt
1591 3657 1630 3700 cn
1644 3635 1816 3718 necrolopio
1834 3636 1951 3717 priore,
1974 3633 2060 3715 quod

345 3819 349 3827 .
398 3739 494 3803 urbm
515 3745 610 3804 notos
631 3741 748 3805 codicu
770 3740 802 3804 A
816 3761 922 3821 paene
945 3761 1062 3818 annm,
1090 3742 1215 3806 omissis
1237 3746 1343 3805 tamen
1364 3741 1588 3806 amictiae-ibus
1610 3741 1646 3803 in
1667 3739 1722 3804 ilio
1744 3739 1867 3817 relatis,
1890 3743 2059 3818 receperat,

399 3843 447 3906 ita
469 3844 604 3924 quidem,
628 3848 665 3907 ut
687 3849 799 3909 auctor
820 3843 904 3908 iliud
924 3844 1134 3927 necrotopinm
1150 3867 1254 3926 paene
1276 3846 1320 3909 act
1341 3846 1468 3911 ocrburn
1490 3845 1745 3925 transcripsisse
1764 3844 1919 3908 uideatur.
1968 3842 2059 3924 Quod

398 3945 608 4030 necrolopium
636 3947 760 4012 mencio
788 3949 855 4012 nisi
881 3947 979 4030 satior
1003 3949 1085 4013 XII.
1108 3947 1156 4013 oet
1179 3950 1281 4013 XIII.
1309 3950 1422 4030 confici
1453 3953 1594 4029 coeptum
1627 3952 1691 4025 cst,·
1726 3946 1848 4012 bitterae
1875 3947 1959 4010 enim
1989 3945 2059 4010 eius

398 4050 559 4129 nronacbo,
582 4051 640 4131 qui
661 4052 889 4132 transscripsit,
913 4057 979 4115 term
1001 4051 1148 4133 diffie-iios
1170 4052 1252 4116 iectu
1273 4053 1420 4135 fuerunt,
1443 4058 1480 4116 ut
1500 4053 1632 4117 nomina
1647 4052 1784 4133 propria
1806 4049 1929 4115 sacerdo
1954 4049 2057 4113 XIII.

398 4155 531 4232 usitato,
554 4159 622 4218 tum
643 4176 713 4220 oero
736 4155 802 4220 iam
824 4155 967 4235 obsoleta,
990 4156 1120 4236 saepius
1141 4163 1360 4238 corrumperet.
1384 4196 1426 4204 -

502 4258 606 4324 Notas
635 4260 753 4324 codicis
779 4260 813 4324 A
834 4259 950 4324 titteris
977 4262 1152 4326 maioribus
1183 4263 1360 4344 sipnandm
1387 4262 1514 4339 curavi,
1547 4262 1678 4326 nomina
1705 4259 1871 4342 necrolopii
1897 4258 1932 4322 B
1958 4279 2059 4321 uranu

392 4363 505 4444 prium
526 4363 647 4444 scripta
668 4368 763 4445 atquc
785 4365 880 4428 etebm
895 4386 1062 4445 perpauca
1077 4365 1299 4446 praebitorum
1320 4367 1451 4432 nomino
1472 4365 1548 4429 buic
1569 4363 1741 4446 necrolopio
1761 4385 1861 4444 usque
1874 4361 1918 4426 aci
1933 4382 2058 4425 annum

400 4467 485 4530 1500
506 4466 621 4531 addua
644 4465 759 4532 titteris
778 4469 914 4532 minutis
935 4470 1052 4533 notaui.

1092 4810 1370 4885 IANUARIUS.

418 4973 442 5025 1.
566 4968 624 5024 kal.
660 4960 802 5026 Heilwib
826 4961 878 5028 ob.
920 4977 971 5031 Ob.
991 4976 1147 5046 Simpertus
1165 4979 1194 5031 eb
1212 4977 1360 5032 Udalricus
1378 4978 1414 5030 mi
1432 4980 1462 5031 eb
1479 4976 1596 5030 abbatos
1614 4993 1641 5028 n.
1655 4995 1687 5041 c.,
1705 4974 1888 5029 Perchboldur
1906 4975 1966 5044 pbr.
1979 4977 2058 5030 etm.

711 5081 738 5117 n.
752 5081 783 5129 c.,
802 5063 958 5118 Swickerus
976 5063 994 5116 l.
1022 5063 1214 5118 Rebebinccus
1233 5063 1294 5132 (sic)
1313 5065 1331 5118 l.
1359 5063 1524 5118 Adelhaidis
1542 5064 1560 5117 1.

417 5163 442 5215 2.
510 5159 550 5214 IV
569 5176 633 5213 non.
661 5151 725 5218 Ob.
749 5151 903 5217 Sibaldus
927 5151 1088 5219 abb.n.e.
1127 5151 1249 5238 Sophia
1272 5163 1360 5217 com·
1377 5153 1428 5218 ob.
1475 5169 1526 5223 Ob.
1552 5168 1728 5223 Bernhardus
1751 5167 1769 5223 l.
1809 5166 1992 5220 perchtoldus
2017 5185 2058 5221 ov.

711 5254 850 5308 Iohannes
868 5255 930 5324 pbr.
944 5257 973 5309 eb
986 5273 1022 5308 m.

418 5352 442 5406 3.
512 5349 553 5403 ΙΙΙ
571 5366 639 5404 non.·
663 5343 851 5408 Fridericus
875 5342 994 5408 nobilis
1016 5342 1112 5423 l.ob.,
1137 5343 1191 5427 qui
1214 5342 1304 5408 dedit
1326 5347 1453 5428 partem
1476 5341 1580 5428 predii
1604 5341 1842 5428 Galtprunnen.
1881 5357 1933 5411 Ob.
1958 5357 2059 5412 Perch-

711 5444 805 5500 toldus
823 5445 883 5516 pbr.
897 5447 1048 5501 eburno.
1075 5444 1239 5499 Gebhardus
1258 5446 1276 5499 l.
1304 5446 1441 5500 Iohannes
1460 5445 1520 5514 pbr.
1534 5447 1563 5499 cb
1574 5463 1611 5498 m.
1638 5443 1810 5498 Wcrnberus
1828 5443 1846 5497 1.
1874 5442 2023 5513 Hilbigund
2040 5444 2059 5498 1.

508 5689 531 5757 1)
549 5687 719 5758 Mnemon
736 5688 842 5742 nurncm'
859 5705 915 5743 non
931 5693 996 5742 sunt
1014 5686 1150 5756 absorpti.
