4306 6434
194 400 327 455 FRAGM.
346 399 501 455 NECBOL.
521 400 567 454 ΕΤ
586 401 759 456 ANNALES
779 401 930 456 NECBOL.
949 401 1108 456 MONAST.
1126 401 1154 456 S.
1171 401 1289 456 BLASII
1308 402 1347 456 IN
1365 401 1483 456 Nisus
1501 400 1615 456 sluva.
1669 405 1730 466 327

183 575 302 639 Notum
326 576 369 639 sit
391 576 541 641 omnibus
564 583 630 640 tam
653 575 872 662 presentibus,
895 598 992 662 quem
1015 577 1217 655 absentibus,
1241 577 1327 662 quod
1344 578 1555 662 congregatio
1570 577 1729 641 Fructus-

78 680 199 744 riensis
222 685 255 742 et
279 702 304 745 s.
324 679 427 744 Blasii
450 679 639 744 monasterii
662 680 719 744 tali
742 685 856 744 tenore
879 681 1010 745 counite
1035 687 1120 761 sunt,
1144 688 1190 761 ut,
1213 681 1343 766 quando
1366 682 1472 746 altera
1493 681 1591 745 alteri
1613 681 1732 744 breves

78 805 139 869 pro
168 783 330 848 defunctis
358 783 426 846 suis
453 783 607 848 fratribus
638 784 779 862 miserit,
807 806 848 848 ea
875 785 973 849 faciat
1001 806 1196 870 unaqueque
1224 787 1257 850 in
1285 786 1457 849 missarum
1492 790 1526 848 et
1547 785 1732 870 vigiliarum

78 887 292 968 orationibus,
317 908 380 972 quq
402 886 443 952 de
466 889 534 952 suis
557 889 684 952 noviter
701 887 863 952 defunctis
882 894 1020 973 utraque
1037 911 1079 954 ex
1095 890 1330 954 consuetudine
1346 891 1430 955 solet
1448 909 1558 973 agere,
1582 893 1732 974 excepto,

78 991 167 1077 quod
190 1013 291 1073 „voce
314 996 408 1055 mea“
433 1012 496 1055 non
516 991 641 1056 dicatur
657 999 689 1056 et
704 993 872 1078 prebenda
885 994 920 1058 in
935 993 1109 1058 refectorio
1125 1014 1190 1056 non
1207 1000 1348 1079 ponetur
1365 1000 1399 1058 et
1414 993 1470 1057 ille
1487 994 1528 1055 30
1544 992 1732 1057 continuate

77 1097 178 1160 misse
201 1117 264 1160 nou
288 1096 454 1176 dicautur,
477 1096 542 1160 alia
564 1097 671 1160 omnia
693 1097 781 1178 fient,
803 1097 836 1161 id
860 1102 920 1178 est,
942 1104 979 1162 ut
1003 1099 1021 1160 7
1044 1097 1143 1177 misse
1166 1103 1200 1162 et
1222 1095 1330 1160 officia
1352 1097 1385 1160 iu
1411 1104 1574 1162 conventu
1596 1095 1677 1160 fiant
1699 1101 1733 1160 et

78 1222 139 1286 per
166 1203 207 1264 30
236 1200 306 1265 dies
329 1200 451 1282 „verbe
473 1203 566 1264 mea“
590 1206 624 1264 et
645 1202 869 1286 unusquisque
893 1201 1047 1266 sacerdos
1069 1201 1154 1265 iufra
1178 1221 1298 1264 anuum
1322 1204 1363 1264 30
1388 1201 1504 1265 missas
1528 1200 1673 1265 celebret
1698 1206 1733 1265 et

78 1306 134 1390 qui
164 1304 318 1369 sacerdos
347 1324 412 1368 non
435 1305 550 1384 fuerit,
583 1308 621 1368 10
645 1302 832 1392 psal[te]ria
855 1305 957 1386 dicat,
988 1306 1150 1370 scribatur
1173 1304 1273 1368 etiarn
1295 1305 1327 1367 iu
1351 1303 1584 1390 martyrologio
1607 1304 1731 1388 regule,

78 1415 113 1472 et
143 1415 179 1472 ut
208 1408 269 1473 hoc
297 1408 529 1473 inviolabiliter
552 1409 807 1495 omnitempore
830 1415 997 1491 tenentur,
1027 1415 1222 1494 oportunum
1246 1409 1391 1489 videtur,
1421 1413 1457 1472 ut
1485 1407 1572 1474 hunc
1599 1407 1731 1472 brevem

78 1519 217 1598 utraque
240 1513 305 1576 iem
328 1511 414 1576 dicta
436 1514 646 1598 congregatio
670 1514 825 1599 scriptum
849 1513 882 1578 iu
906 1533 966 1578 sua
988 1512 1102 1597 regule
1124 1512 1254 1579 habeat.

185 1614 375 1681 Senioribus
398 1616 438 1681 de
458 1616 552 1680 Mure
575 1622 608 1680 et
630 1615 670 1681 de
689 1615 856 1682 Chotewic
880 1623 913 1682 et
936 1616 978 1682 de
991 1616 1195 1700 Wibelingin
1220 1622 1254 1682 et
1277 1615 1318 1681 de
1334 1615 1530 1703 Alpirspach
1546 1612 1731 1680 faciendum

78 1728 142 1800 est,
167 1720 584 1802 sicutFructnarieusibus‚
607 1721 668 1786 hoc
691 1743 791 1807 super
813 1720 935 1801 addito,
958 1720 1044 1806 quod
1067 1720 1124 1784 illo
1146 1720 1210 1800 die,
1234 1740 1297 1805 quo
1317 1719 1426 1784 brevis
1444 1740 1556 1785 eorum
1571 1719 1604 1783 iu
1620 1724 1732 1783 nostro

78 1825 223 1910 capitulo
247 1826 486 1911 pronuntiatur,
511 1825 610 1889 etiam
633 1826 666 1888 in
690 1825 864 1889 refectorio
887 1824 1056 1911 prebende
1079 1825 1218 1889 donatur
1241 1831 1273 1889 et
1296 1825 1329 1889 in
1353 1823 1437 1888 libro
1453 1825 1519 1904 vite
1536 1823 1731 1889 scribuntur.

183 1929 257 1992 Hoc
281 1935 333 1993 est
354 1934 503 2015 paetum,
534 1927 618 2014 quod
646 1929 731 1992 inter
753 1927 831 2016 du[o
856 1926 1083 2015 moluosteria,
1112 1929 1240 1994 seilicet
1261 1929 1498 2013 Hirsaugiense
1522 1933 1556 1992 et
1579 1949 1605 1994 s.
1628 1926 1732 1991 Blasii

78 2033 318 2097 constituerunt
339 2032 477 2097 abbates
500 2032 675 2097 eorundem
698 2032 966 2097 monasteriorum
988 2031 1219 2097 Willehelrnus
1243 2030 1302 2121 [et]
1327 2032 1403 2110 Uto,
1427 2031 1552 2096 cunetis
1574 2031 1730 2095 fratribus

79 2134 293 2224 volu[u]terie
316 2157 487 2201 assensum
503 2136 732 2222 prebentibus:
755 2137 1024 2223 quandocumque
1041 2159 1083 2202 ex
1101 2138 1209 2223 aliquo
1225 2135 1445 2223 predictorum
1461 2135 1731 2200 monasteriorum

77 2239 121 2304 ad
143 2238 359 2325 quodcunque
380 2240 524 2326 ipsorum
549 2240 658 2306 brevis
681 2262 740 2326 pro
764 2240 918 2306 defuneto
942 2242 1041 2306 fratre
1064 2241 1210 2306 interiori
1232 2241 1285 2306 vel
1308 2241 1464 2305 exteriori
1482 2239 1631 2318 mittitur,
1654 2259 1730 2325 pro-

78 2344 239 2408 nuntiatio
262 2344 333 2408 eius
355 2365 458 2429 usque
481 2345 522 2411 ad
546 2346 728 2431 proximum
752 2346 930 2431 capitulum
954 2345 1123 2410 differatur
1146 2352 1179 2411 et
1201 2350 1276 2432 post
1297 2345 1476 2430 capitulum
1497 2344 1619 2422 „verba
1634 2345 1730 2408 mea“

77 2469 144 2512 uon
167 2447 239 2512 sine
261 2447 447 2533 pulsatione
472 2470 704 2535 campanarum
728 2449 759 2513 ei
782 2455 932 2514 cantetur
955 2455 989 2515 et
1011 2449 1181 2535 prebenda
1203 2446 1427 2514 tantummodo
1451 2447 1568 2513 eadem
1591 2445 1644 2511 dis
1668 2445 1731 2511 sibi

78 2550 184 2632 detur,
209 2550 376 2636 prebende
397 2550 545 2631 interior,
570 2552 663 2616 sisit
686 2551 727 2617 de
750 2552 976 2633 interioribus,
1000 2553 1161 2634 exterior,
1185 2554 1214 2617 si
1236 2554 1278 2618 sit
1300 2551 1341 2616 de
1364 2551 1593 2632 exterioribus,
1616 2557 1732 2637 postea

77 2676 156 2720 vero
183 2659 322 2739 agantur
349 2676 408 2740 pro
431 2677 472 2720 eo
504 2655 644 2735 'imisse
667 2661 701 2719 et
724 2656 742 2718 7
766 2655 873 2720 officia
894 2662 927 2720 et
950 2654 1088 2726 totidem
1110 2656 1234 2737 „verba
1256 2660 1362 2737 mea“,
1394 2655 1442 2720 ita
1463 2661 1591 2736 temen,
1620 2659 1670 2736 nt,
1701 2654 1730 2718 si

78 2757 286 2843 septenarius
315 2759 453 2822 alicuius
484 2758 629 2824 defuncti
651 2758 694 2822 ad
715 2780 853 2844 presens
877 2759 1003 2844 agitur,
1033 2760 1109 2824 hnic
1132 2759 1344 2845 adiungatur,
1373 2765 1407 2824 et
1435 2759 1463 2823 si
1484 2759 1615 2824 interim
1638 2759 1730 2822 enni-

79 2861 243 2926 versarius
272 2861 386 2926 maiori
415 2863 504 2927 cultu
534 2861 681 2948 agendus
704 2864 947 2949 supervenerit,
977 2886 1035 2951 pro
1058 2865 1245 2951 septenario
1269 2864 1414 2930 secunda
1435 2865 1572 2929 collecta
1593 2863 1731 2945 dicatur,

81 2966 305 3051 unusquisque
329 2966 428 3030 etiarn
451 2963 655 3031 sacerdotum
680 2967 812 3032 missam
835 2989 934 3032 unam
958 2988 1016 3055 pro
1034 2990 1073 3034 eo
1089 2969 1244 3051 celebret,
1269 2977 1452 3036 ceterorum
1467 2969 1606 3055 quisque
1622 2969 1730 3033 sciens

80 3069 226 3155 psalmos
249 3073 290 3133 50
314 3069 345 3135 ei
368 3075 486 3151 cantet,
509 3071 563 3154 qui
586 3076 696 3133 eutem
719 3069 779 3133 hos
799 3071 934 3150 neseiat,
958 3071 1174 3156 quinquagies
1195 3093 1254 3158 pro
1275 3093 1313 3136 eo
1336 3071 1530 3137 dominicam
1551 3071 1730 3136 orationem

78 3173 176 3255 dicat,
201 3172 285 3258 quod
310 3173 338 3238 si
360 3174 480 3260 plures,
507 3179 663 3259 quotquot
684 3173 815 3255 fuerint,
839 3174 953 3241 eadem
978 3174 1127 3240 omuibus
1151 3176 1367 3240 communiter
1388 3175 1445 3240 fiat
1468 3175 1581 3256 oratio,
1605 3175 1730 3260 singule

77 3298 157 3342 vero
180 3277 318 3362 singulis
341 3277 460 3342 denbrr
482 3275 662 3363 prebende.

182 3381 290 3446 Huius
308 3381 396 3467 pacti
412 3381 680 3446 cousuetudinem
697 3380 907 3446 nihilominus
924 3383 1112 3468 persolvere
1129 3382 1270 3447 solemus
1285 3382 1442 3447 fratribus
1457 3383 1577 3448 nostris
1593 3383 1729 3466 Augen-

79 3485 170 3549 sibus
198 3489 231 3549 et
253 3484 540 3570 Bensugensibus‚
568 3504 695 3550 necnon
726 3489 760 3549 et
782 3485 846 3549 illis
870 3485 911 3551 de
936 3484 1133 3550 Scsfhusein
1158 3484 1253 3551 etde
1278 3485 1312 3551 S.
1336 3485 1479 3572 Georgio
1501 3493 1535 3552 et
1557 3485 1598 3551 de
1619 3487 1734 3552 Alteri

79 3595 114 3654 et
137 3587 178 3654 de
194 3589 398 3654 Petrishusin
420 3595 454 3654 et
475 3589 517 3654 de
533 3589 707 3654 Zwiviltun
730 3596 763 3654 et
787 3589 828 3655 de
845 3589 1009 3675 Bregiuzo
1032 3598 1066 3654 et
1088 3591 1129 3656 de
1145 3589 1446 3655 Weizinisbrunnin
1468 3597 1503 3656 et
1524 3590 1565 3655 de
1580 3589 1729 3655 Isininun

79 3699 114 3756 et
143 3691 184 3756 de
207 3691 319 3758 Monte
342 3714 368 3758 s.
391 3693 483 3758 Petri
514 3699 548 3759 st
578 3693 882 3758 sanctimonialibus
910 3694 952 3759 de
975 3693 1106 3779 Turego
1135 3700 1169 3760 et
1197 3695 1239 3760 de
1261 3694 1391 3760 Burron
1413 3705 1448 3761 et
1469 3695 1512 3761 de
1533 3694 1729 3761 Einsidillon

79 3804 114 3862 et
137 3796 178 3862 de
202 3796 314 3863 Monte
337 3819 363 3862 s.
385 3798 476 3863 Petri
498 3798 532 3862 in
554 3797 716 3863 Bavvaria.

183 3900 257 3965 Tali
282 3907 396 3967 tenore
424 3901 651 3966 Massilienses
677 3902 795 3967 fratres
825 3903 947 3967 couniti
976 3909 1052 3968 sunt
1083 3903 1327 3989 congregationi
1357 3903 1545 3968 monasterii
1568 3925 1594 3968 s.
1617 3901 1729 3982 Blasii,

79 4010 115 4069 ut
145 4004 270 4070 scilieet
290 4006 459 4091 utriusque
484 4005 746 4092 congregationis
769 4006 934 4071 orationes
957 4005 1023 4072 illis
1046 4007 1195 4072 omnibus
1218 4027 1408 4072 communes
1432 4006 1513 4086 sint,
1545 4012 1578 4072 et
1601 4005 1729 4090 quando

78 4108 230 4174 venerint
256 4109 365 4176 littere
396 4132 455 4196 pro
481 4110 642 4176 defunctis
672 4132 785 4177 eorum
813 4109 855 4174 ad
884 4132 944 4175 nos
974 4112 1076 4176 semel
1103 4132 1163 4197 per
1190 4132 1328 4191 sunum,
1359 4113 1400 4174 30
1427 4111 1587 4176 continuis
1615 4109 1730 4176 diebus

79 4211 189 4277 officia
208 4213 273 4278 illis
296 4215 424 4300 integra
445 4216 673 4301 persolvemus
697 4221 731 4281 et
752 4214 953 4301 prebendam
976 4235 1073 4278 unam
1098 4215 1232 4280 cottidie
1256 4213 1295 4279 de
1311 4213 1472 4294 omnibus,
1496 4235 1559 4300 que
1574 4213 1608 4280 in
1623 4215 1729 4280 refec-

79 4316 164 4380 torio
194 4318 395 4402 generaliter
424 4318 575 4384 fratribus
603 4321 842 4400 ministrantur,
871 4320 905 4384 in
935 4319 1144 4384 elemosinam
1175 4341 1234 4405 pro
1264 4320 1434 4385 animabus
1462 4340 1575 4384 eorum
1604 4319 1730 4402 demus,

79 4419 218 4487 abbates
242 4441 319 4488 vero
341 4424 512 4508 utriusque
536 4425 726 4491 monasterii
748 4425 791 4489 ab
814 4424 876 4488 hac
899 4423 952 4488 die
976 4431 1009 4488 et
1030 4423 1117 4488 ultra
1139 4445 1252 4508 ornnes
1270 4425 1318 4489 ita
1331 4423 1365 4488 in
1380 4429 1518 4509 utroque
1534 4425 1730 4489 monasterio

80 4531 156 4609 post
177 4524 302 4590 obitum
323 4527 517 4610 habeantur,
540 4536 696 4615 tanquam
719 4531 746 4594 si
762 4529 899 4594 abbates
915 4527 1140 4594 Massilienses
1163 4530 1196 4594 in
1211 4528 1409 4594 monasterio
1426 4551 1451 4595 s.
1469 4528 1573 4594 Blasii
1592 4528 1730 4614 professi

79 4628 233 4710 fuissent,
256 4637 290 4696 et
311 4631 449 4697 abbates
473 4634 600 4698 cenobii
622 4655 648 4700 s.
674 4630 803 4721 [Bllasii
824 4634 857 4697 in
880 4633 1078 4698 monasterio
1100 4631 1318 4715 Massiliensi,
1341 4633 1527 4719 quicunque
1550 4639 1661 4698 autem
1685 4654 1728 4698 ex

79 4733 247 4798 monachis
269 4736 436 4820 utriusque
459 4737 584 4823 prefate
607 4734 900 4824 congre[gation]is
924 4738 1060 4802 alteram
1078 4737 1193 4802 harum
1209 4738 1497 4822 congregationum
1514 4737 1730 4818 visitaverint,

80 4839 127 4904 its
155 4839 188 4903 in
216 4861 258 4904 ea
285 4847 360 4925 post
387 4841 510 4906 obitum
535 4843 628 4927 quasi
650 4842 789 4928 professi
812 4841 959 4906 eiusdem
983 4842 1047 4906 loci
1070 4841 1225 4928 deinceps
1248 4841 1439 4907 habeantur.
1482 4840 1618 4906 Pactum
1642 4839 1730 4905 istud

79 4944 289 5010 firmaverunt
318 4943 421 5010 abbas
451 4944 668 5010 Massiliensis
696 4943 909 5012 Bernhardus
938 4951 971 5008 et
998 4945 1103 5010 abbas
1132 4946 1322 5010 monosterii
1350 4967 1377 5011 s.
1398 4944 1501 5009 Blasii
1523 4943 1729 5010 Giselbertus

79 5047 113 5112 in
137 5049 280 5134 capitulo
305 5071 330 5114 s.
353 5049 456 5115 Blasii
477 5070 563 5115 anno
586 5055 700 5135 quarto
723 5048 799 5114 VII.
824 5047 977 5134 Gregorii
1000 5070 1099 5135 pepe,
1127 5053 1153 5114 l.
1177 5070 1262 5114 auno
1285 5048 1435 5114 Ruodolfi
1457 5047 1562 5134 regis,
1585 5047 1631 5113 ΙΙ.
1654 5069 1729 5116 non.

79 5152 245 5233 Octobris,
269 5153 352 5219 feria
373 5154 421 5220 6.¹

185 5255 293 5321 Huius
322 5258 410 5343 pacti
436 5256 704 5324 consuetudinem
735 5256 946 5322 nihilominus
974 5258 1163 5343 persolvere
1192 5259 1336 5323 solemus
1365 5256 1519 5322 fratribus
1546 5256 1667 5322 nostris
1689 5257 1730 5322 ds

78 5359 399 5446 Meiginmunstrere.

185 5461 358 5530 canonicis
380 5464 627 5552 Turegensibus
655 5465 807 5531 facienda
836 5469 911 5531 sunt
934 5467 953 5528 3
978 5464 1087 5528 officis
1109 5464 1239 5549 integra
1262 5467 1296 5529 et
1317 5463 1452 5530 totidem
1475 5464 1572 5546 misse
1594 5465 1628 5529 in
1651 5486 1729 5530 con-

77 5575 181 5636 ventu
204 5573 238 5634 et
260 5589 319 5653 per
343 5572 380 5634 10
403 5567 473 5634 dies
497 5569 620 5651 „verba
640 5571 735 5635 mea“
759 5575 837 5655 post
859 5569 1063 5635 matutinum.

184 5725 206 5792 1)
227 5729 252 5777 6.
272 5721 387 5778 Octobrb
403 5739 478 5778 aneo
495 5731 565 5778 1077.
