4304 6434
584 392 694 456 LIBER
712 393 1073 457 ANNIVERSARIORUM
1092 393 1403 458 Hitzmuonsnsls

180 717 206 771 2.
276 715 314 770 IV
333 730 396 767 uon.
426 707 520 764 Giseln
538 710 572 763 de
591 711 673 766 Liel.¹
906 615 1080 691 IUNIUS·

180 809 205 860 6.
249 803 315 858 VIll
334 801 371 855 id.
423 797 461 852 Es
478 797 517 851 ist
535 817 565 853 ze
583 802 705 863 wrisren,
729 799 779 853 dns
798 801 843 854 die
861 818 916 855 vou
934 802 1080 871 Gellingeu
1099 801 1147 855 des
1161 801 1252 870 jures,
1276 801 1312 855 do
1331 801 1376 856 die
1394 819 1458 872 gros
1477 802 1545 872 plug
1563 820 1617 857 von
1636 803 1699 857 dem
1717 802 1825 858 sterbat

475 903 533 939 was
557 885 587 939 in
613 885 662 938 der
684 886 874 951 cristonbeit,²
903 888 992 941 under
1012 888 1078 941 ineu
1097 888 1232 942 sumleten
1251 905 1281 941 so
1300 889 1339 942 vil
1357 889 1433 958 geltz
1450 889 1508 942 und
1526 892 1611 958 gnotz
1629 906 1685 944 von
1702 889 1824 959 gnadun,

477 973 526 1026 dns
545 989 576 1040 sy
594 971 670 1025 hund
688 972 779 1027 koufft
797 973 879 1028 einen
898 974 1007 1044 ewigen
1025 977 1087 1028 mut
1104 974 1210 1028 keruen
1228 974 1317 1042 geltz,
1340 975 1394 1029 den
1412 993 1478 1028 man
1496 975 1594 1030 ierlich
1614 977 1655 1030 sol
1674 975 1765 1046 geben
1784 975 1827 1029 uff

475 1059 578 1113 Unsers
602 1058 700 1112 herren
719 1059 911 1114 Froulichams
932 1064 983 1130 tug
1007 1061 1062 1114 den
1085 1077 1181 1114 armen
1205 1061 1283 1114 luten
1308 1077 1338 1114 ze
1357 1061 1462 1131 sponde
1480 1062 1522 1116 uff
1538 1062 1592 1116 den
1611 1061 1750 1117 kilehhoff
1764 1061 1823 1116 und

476 1145 538 1199 dem
556 1145 706 1214 ltpriester
725 1148 776 1214 Ῑβ,
795 1146 828 1199 dz
847 1163 889 1200 ers
906 1147 1058 1210 verkdndc,
1076 1147 1134 1200 und
1153 1149 1204 1217 gut
1222 1147 1258 1200 ab
1277 1147 1331 1201 eim
1350 1147 1434 1202 ucker
1451 1149 1568 1203 underm
1589 1149 1765 1219 Keiserspsn.

181 1240 206 1292 7.
266 1235 318 1289 VII
336 1234 372 1288 id.
424 1231 575 1300 Marquard
594 1231 666 1285 filius
683 1232 789 1286 domini
809 1233 971 1301 Marquardi
990 1234 1025 1286 de
1044 1234 1142 1287 Liele.¹

166 1325 207 1378 13.
334 1320 370 1374 id.
423 1319 558 1373 Dominus
582 1319 766 1387 Marquardus
791 1319 825 1373 de
845 1319 921 1374 Liele
945 1320 1062 1384 statuit,
1087 1325 1120 1374 ut
1144 1320 1325 1376 comendator
1349 1321 1429 1375 dubit
1452 1323 1512 1390 (sic)
1539 1326 1553 1377 l
1579 1323 1704 1378 modium
1727 1322 1824 1386 tritici,

479 1409 509 1472 ¹,l2
528 1405 662 1458 frutribus
686 1423 736 1474 pro
760 1406 827 1460 vino
849 1410 877 1460 et
902 1408 1025 1476 piscibus
1044 1411 1073 1462 et
1094 1411 1123 1474 Ι),
1144 1407 1315 1476 pauperibus
1333 1425 1384 1476 pro
1402 1409 1525 1462 remedio
1543 1409 1637 1463 anime
1656 1407 1824 1462 Hertmunni

476 1491 510 1545 de
526 1491 586 1544 Liel
602 1491 710 1554 militis,
729 1492 774 1545 uvi
793 1492 844 1555 sui,
862 1492 897 1546 de
915 1493 997 1548 bonis
1015 1495 1118 1547 nostris
1136 1494 1165 1547 in
1178 1494 1318 1547 Hernilrou
1336 1495 1419 1548 dictis
1431 1494 1586 1550 Mechthild
1600 1496 1631 1549 In
1644 1495 1694 1548 der
1706 1495 1824 1558 Gusscm

475 1577 583 1647 recepit
603 1578 632 1631 in
651 1577 697 1631 die
715 1579 732 1631 2
750 1579 862 1632 markas
880 1580 1005 1649 argenti,
1032 1580 1147 1648 etquis
1165 1580 1289 1644 nescitur
1307 1597 1357 1650 pro
1376 1597 1452 1644 vero,
1477 1581 1524 1635 ubi
1543 1582 1630 1646 iacet,
1654 1581 1772 1635 visitent
1790 1581 1826 1634 dc

477 1682 537 1718 sero
557 1669 586 1719 et
605 1681 685 1718 mnne
704 1666 812 1718 fratres.

166 1756 207 1810 14.
222 1753 316 1808 XVIII
334 1753 390 1807 kal.
425 1751 545 1805 Domine
562 1752 688 1804 Elisabet
706 1750 740 1805 de
758 1751 892 1816 Stouffen,
910 1769 980 1805 uxor
997 1752 1104 1806 domini
1123 1751 1262 1808 cuonradi
1282 1754 1317 1808 de
1336 1754 1480 1824 lleydegg.

166 1845 207 1896 ro.
248 1841 315 1894 XIII
333 1841 389 1894 lral.
425 1839 468 1891 Fr.
488 1838 582 1892 Heinr.
600 1838 635 1891 de
653 1837 825 1892 'l'nuenfels⁴

164 1930 206 1982 22.
289 1927 388 1980 Xkal.
424 1925 543 1980 Domina
560 1926 669 1980 Verona
688 1926 722 1978 de
741 1925 853 1988 Hulwil,
871 1942 942 1979 uxor
960 1925 1018 1979 Ioh.
1037 1925 1072 1979 de
1091 1926 1151 1980 Liel
1171 1926 1293 1981 militis.⁸

909 2105 1079 2179 IULIUS.

182 2243 208 2296 5.
274 2240 315 2293 III
332 2256 397 2292 non.
425 2237 573 2292 Heinricus
591 2237 664 2290 filius
682 2235 791 2290 domini
811 2236 845 2290 de
865 2237 1024 2306 Heydegg.⁸

183 2329 209 2382 ’1.
333 2343 398 2380 nou.
425 2323 544 2378 Domino
562 2323 725 2386 Katherinn,
744 2323 794 2376 her
811 2322 980 2376 Markvvartz
998 2321 1067 2375 stow
1088 2339 1141 2376 von
1161 2322 1290 2377 Rinsch.⁷

182 2417 207 2468 9.
263 2413 316 2466 VH
334 2414 372 2467 id.
425 2410 544 2464 Domino
557 2410 701 2463 Elisabeth
714 2409 749 2463 de
762 2409 921 2478 Heydegg.⁸
947 2409 1104 2463 Katherina
1116 2427 1186 2464 uxor
1197 2411 1271 2464 Uolr.
1284 2408 1414 2463 advocati
1428 2408 1456 2461 in
1471 2408 1608 2462 Richeuse
1622 2407 1690 2462 dicti
1703 2407 1827 2462 Ilscben-

479 2494 558 2560 buch,
578 2497 607 2548 et
625 2494 720 2547 Heinr.
739 2493 814 2546 filius
831 2495 914 2548 eius·

165 2590 207 2641 13.
277 2586 316 2640 Ill
335 2585 372 2638 id.
427 2583 498 2634 Anu.
519 2582 569 2634 170
586 2581 704 2635 lustrum
723 2579 829 2634 ordinis
847 2580 944 2644 nostri,
963 2580 1011 2650 qui
1031 2580 1115 2635 occisi
1133 2582 1201 2634 sunt
1218 2580 1294 2650 apud
1314 2579 1539 2649 Linphouiam.¹⁰

165 2675 206 2726 14.
289 2673 316 2727 II
333 2673 372 2727 id.
425 2668 468 2722 Fr.
487 2667 625 2722 Iohannes
644 2667 678 2722 de
697 2668 905 2738 Ringgenberg.

166 2763 206 2814 15.
333 2758 371 2813 id.
425 2755 468 2810 Fr.
487 2755 674 2809 Theodericus
692 2754 726 2808 de
746 2754 857 2822 Brusin,
879 2753 954 2824 pleb.
972 2754 1056 2807 huius
1074 2752 1198 2808 ecclesie.
1228 2753 1372 2808 Junckher
1390 2752 1527 2806 Hartman
1547 2769 1601 2807 von
1623 2753 1740 2818 Rinscb,
1758 2753 1827 2808 frovv

478 2841 622 2906 mechtild,
641 2841 684 2895 sin
702 2841 806 2896 vvirtin.

162 2933 207 2986 20.
250 2931 316 2984 XIII
335 2931 390 2985 lsal.
427 2927 587 2982 Burkurdus
605 2927 777 2982 Moneturius
795 2927 830 2980 de
849 2927 947 2990 Berua,
965 2929 1057 2981 rector
1075 2927 1104 2981 in
1123 2924 1369 2981 Eundelwauch.¹¹
1400 2925 1559 2990 Sciendum,
1578 2928 1648 2994 quot
1666 2927 1715 2980 Bu.
1736 2925 1827 2980 dictus

475 3015 579 3078 Berolt,
598 3014 667 3068 civis
680 3014 871 3076 Lucernensis,
890 3017 918 3068 et
937 3014 997 3068 eius
1014 3031 1085 3068 uxor
1096 3014 1250 3068 Benedicta
1262 3013 1432 3067 dotaverunt
1443 3012 1628 3067 immobiliter
1639 3014 1730 3068 nltsre
1741 3013 1825 3068 beate

476 3101 564 3154 Maris
583 3101 701 3170 virginis
719 3101 802 3155 huius
821 3101 936 3155 ecclesie
954 3118 1037 3170 super
1055 3101 1152 3154 vineas
1170 3117 1234 3154 sues
1249 3100 1278 3153 in
1292 3099 1403 3163 Gevvilr,
1422 3116 1477 3168 que
1489 3116 1540 3169 pro
1553 3099 1626 3155 bono
1639 3101 1705 3155 vino
1718 3101 1826 3156 Alcetio

475 3187 549 3254 (sic),
573 3190 602 3241 et
624 3187 720 3242 eodem
743 3188 825 3242 modo
847 3191 894 3255 511
917 3188 945 3240 iu
970 3189 1042 3242 festo
1065 3188 1149 3242 beate
1172 3186 1339 3250 Katherine,
1366 3189 1395 3240 et
1419 3187 1470 3240 hec
1488 3185 1598 3241 dontio
1617 3190 1660 3241 est
1678 3188 1826 3242 annuatim

475 3274 683 3328 manifestando
700 3275 879 3344 parochiunis
897 3275 949 3330 hoc
967 3275 1022 3330 die.

161 3364 205 3419 27.
276 3360 315 3415 VI
333 3361 389 3415 lrul.
425 3361 560 3415 Dominus
580 3361 749 3415 Wernherus
767 3359 802 3414 de
821 3360 898 3416 Liele
917 3364 946 3415 et
964 3378 1034 3415 uxor
1051 3361 1111 3415 eius
1130 3362 1247 3414 Anna.¹²

862 3539 1129 3613 AUGUSTUS.

182 3641 206 3692 c.
253 3638 320 3692 viu
338 3636 376 3690 id.
429 3636 518 3691 uuor.
538 3635 683 3691 semeso

181 3728 206 3779 9.
290 3724 316 3777 V
334 3724 373 3778 id.
427 3725 551 3779 Bruoder
569 3726 675 3780 Arnold
694 3742 747 3781 von
767 3725 967 3795 Langenstein.

163 3814 206 3867 14.
249 3811 314 3866 xlx
332 3811 389 3864 kal.
425 3811 515 3866 larzit
532 3813 582 3866 her
599 3813 741 3867 Heumann
759 3830 812 3867 von
833 3813 1047 3882 Gruenenberg,
1066 3810 1300 3874 Peter-munfsius
1318 3829 1393 3876 suns,
1412 3811 1524 3878 (treton,
1543 3811 1619 3866 siner
1635 3811 1753 3877 tochtor,
1771 3827 1827 3865 von

477 3899 676 3970 Kringsveld.¹⁴
705 3900 806 3955 Ouonr.
825 3899 905 3953 miles
924 3903 959 3954 de
977 3899 1143 3969 Heidegg.¹⁵

165 3989 207 4040 lo.
223 3984 316 4038 xvssl
334 3984 391 4039 kal.
427 3987 546 4041 Domina
563 3987 705 4041 Richenza
723 3987 757 4041 de
777 3987 906 4056 Brugtul,
925 4005 995 4041 uxor
1013 3988 1154 4055 quondum
1172 3987 1267 4041 fratris
1286 3989 1314 4042 C.
1334 3987 1369 4041 de
1388 3986 1616 4057 Wolfgnringen‚
1635 3986 1741 4041 eteius
1760 3986 1826 4050 filia,

478 4074 593 4128 domina
604 4072 741 4139 Elisabet,
760 4073 899 4128 dederunt
916 4075 989 4128 bunc
1002 4074 1147 4128 ecclesium
1166 4092 1228 4128 curn
1248 4074 1329 4128 bonis
1348 4073 1405 4128 suis
1423 4073 1453 4127 iu
1466 4073 1551 4128 vaitz
1565 4073 1739 4128 solventibus
1752 4075 1785 4127 12
1797 4077 1828 4129 u

476 4161 626 4214 annuatim
644 4164 673 4215 et
691 4179 752 4215 cunr
773 4161 853 4215 bonis
872 4162 928 4216 suis
947 4161 977 4216 in
990 4161 1045 4216 Ure
1063 4160 1238 4216 solventibus
1256 4162 1306 4229 7¹i²
1321 4162 1365 4224 u;
1384 4159 1514 4214 dominus
1533 4177 1590 4230 eps.
1603 4160 1827 4214 Constantiensis

477 4247 652 4302 confirmavit
670 4264 732 4301 enm
750 4248 871 4318 publicis
889 4249 1091 4311 instrumentis,
1111 4251 1140 4301 et
1157 4247 1261 4301 statuit
1279 4246 1460 4316 provincialis
1478 4247 1532 4301 hac
1550 4247 1596 4301 die
1614 4247 1675 4301 duri
1693 4247 1828 4302 frutribus

477 4337 522 4402 51
539 4334 576 4387 ad
593 4334 706 4388 missam
725 4352 775 4404 pro
793 4336 867 4390 bono
885 4335 959 4400 vino,
978 4336 1045 4405 qnia
1065 4353 1130 4389 eun.
1149 4337 1191 4388 est
1209 4333 1297 4404 ipsius
1317 4334 1464 4388 Richeuze.

165 4418 208 4471 19.
251 4414 318 4469 XIV
336 4414 394 4470 kal.
428 4419 504 4474 Uolt.
523 4421 618 4490 Bugg,
643 4420 693 4474 der
716 4421 810 4475 suider
831 4439 886 4476 von
905 4422 1061 4486 Hitzkilch,
1087 4422 1143 4486 lta,
1169 4421 1212 4475 sin
1235 4419 1345 4484 wirtin,
1371 4419 1429 4474 und
1452 4419 1502 4473 her
1519 4419 1610 4485 Uoln,
1635 4419 1678 4475 siu
1697 4438 1762 4486 sun,
1788 4439 1828 4474 vvz

480 4505 629 4575 ldpn‘ester
653 4523 683 4560 ze
702 4507 861 4574 Pluffuech,
886 4508 977 4572 Hans,
1002 4509 1064 4562 lton
1082 4511 1189 4574 vatter,
1214 4507 1272 4561 und
1291 4507 1408 4568 Gretcn,
1432 4505 1458 4559 ir
1476 4509 1586 4561 muoter
1604 4506 1718 4560 undull
1738 4507 1763 4560 ir
1779 4524 1829 4577 ge·

479 4592 635 4646 svistert.¹⁸

274 4769 295 4834 1)
314 4765 396 4820 Dedit
406 4765 592 4820 moditatem
603 4782 681 4820 sicam
693 4768 724 4820 in
736 4768 921 4836 Mttswanqeu.
1027 4769 1050 4836 e)
1070 4767 1135 4821 Sino
1145 4765 1226 4820 dubio
1239 4783 1313 4820 anm
1326 4771 1399 4820 1349.
1504 4768 1526 4833 s)
1547 4764 1690 4820 0011111111
1701 4772 1718 4820 8
1729 4766 1830 4821 modios

167 4851 251 4907 tritici
266 4851 299 4904 dc
315 4868 424 4920 scoposa
442 4852 473 4905 iu
484 4851 566 4920 State,
582 4869 662 4921 queam
681 4855 741 4908 colel
758 4854 845 4908 didos
858 4855 978 4923 Glaplin.
1084 4858 1107 4921 e)
1125 4853 1207 4908 Dedit
1225 4862 1253 4908 15
1264 4859 1281 4921 β
1292 4851 1425 4919 fratribus
1437 4867 1491 4919 pro
1507 4851 1576 4906 bono
1592 4853 1654 4906 nim
1671 4858 1694 4906 el
1702 4853 1829 4921 picotus.

168 4944 191 5006 s)
212 4939 261 4994 Pr.
278 4937 311 4992 dc
328 4937 403 4992 bonu
419 4938 451 4991 iu
469 4938 549 4993 Erct.
654 4945 677 5006 e)
696 4941 742 4994 Pr.
759 4940 792 4994 de
809 4942 876 4994 bono
895 4941 926 4993 tn
945 4939 1083 4994 Blstlikon.
1188 4943 1211 5006 v)
1231 4939 1277 4993 Pr.
1295 4939 1327 4994 dc
1344 4939 1411 4992 ὸωιο
1431 4938 1599 5004 Stuffelbucb.
1704 4941 1727 5006 e)
1746 4939 1829 4992 Dedit

167 5035 185 5080 4
204 5025 343 5094 qrmrtclio
364 5025 448 5078 tritici
464 5041 518 5093 pro
542 5026 609 5079 bono
626 5027 687 5079 nim
703 5026 735 5080 dc
751 5027 825 5081 bonis
841 5027 873 5079 in
890 5026 1040 5092 Ddffentul.
1151 5029 1175 5094 s)
1198 5025 1280 5080 Dedit
1297 5033 1314 5079 2
1331 5025 1471 5093 qtmrtalio
1487 5025 1569 5078 tritici
1586 5023 1618 5078 dc
1630 5029 1713 5093 proto
1730 5025 1831 5079 nocente

166 5112 356 5180 incorrectio
368 5111 539 5166 Benedicta
549 5113 612 5166 Zcm
625 5112 708 5167 Stciu
808 5116 842 5181 ιο)
863 5113 967 5167 Rerum
979 5113 1009 5165 iu
1017 5112 1120 5181 proelio
1131 5112 1206 5181 apud
1216 5113 1328 5180 flumem
1339 5111 1450 5165 Durbs'n
1461 5111 1493 5163 in
1507 5109 1657 5165 Ourlondia
1670 5127 1745 5165 anno
1757 5119 1830 5166 1260.

169 5203 204 5266 ιι)
231 5198 375 5254 &nocuo
402 5205 467 5266 10ss
492 5198 524 5253 dc
548 5199 626 5254 borlo
651 5201 683 5253 in
707 5201 814 5268 Berua,
841 5216 917 5268 quem
939 5199 1076 5268 poenitent
1098 5199 1221 5253 dominae
1247 5200 1278 5252 in
1302 5197 1349 5251 der
1379 5197 1454 5251 Ysscl
1475 5195 1578 5250 ordinis
1603 5196 1830 5252 Ptaodicatoucm.

168 5289 205 5355 1²)
225 5285 369 5339 Constituit
394 5288 424 5352 ’,1,
449 5284 566 5339 modium
589 5286 670 5340 tritici
691 5293 714 5340 ct
738 5297 751 5342 1
772 5288 895 5356 quartale
916 5286 949 5340 dc
972 5287 1046 5341 bonis
1070 5287 1100 5338 in
1118 5286 1197 5339 Solle.
1311 5291 1346 5346 ιε)
1366 5283 1477 5353 Leuant
1498 5299 1618 5336 usercam
1636 5283 1750 5352 aryotts',
1775 5301 1832 5352 qim

167 5377 323 5440 conparata
349 5377 413 5425 eum
442 5379 464 5446 2·
483 5373 621 5440 quartalia
636 5374 731 5427 tritici
756 5373 787 5427 dc
812 5389 876 5442 coro
901 5373 972 5427 dicto
999 5373 1211 5427 Guwtbronnen
1233 5387 1285 5442 pro
1310 5371 1404 5425 bosnec
1427 5369 1624 5439 pcrtinentibus
1652 5369 1688 5421 ad
1714 5370 1829 5423 musam.

169 5463 205 5524 14)
224 5459 271 5512 Pr.
294 5457 327 5512 dc
348 5457 499 5512 molendino
522 5459 552 5511 iu
571 5459 679 5512 Emtae
702 5466 727 5513 ct
749 5459 898 5513 etolendr'no
920 5460 952 5512 in
969 5459 1041 5512 Eect
1057 5464 1082 5512 d
1098 5459 1129 5512 dc
1145 5459 1268 5512 manebus
1285 5458 1372 5526 bonis,
1398 5473 1465 5526 quac
1479 5457 1614 5524 pertinent
1632 5455 1668 5510 od
1685 5457 1783 5509 turrim
1800 5457 1831 5510 in

171 5546 307 5600 Redisse.
416 5546 451 5613 n)
471 5545 617 5599 0011111111
634 5553 745 5615 ὀβρνο
761 5548 828 5600 borno
844 5548 907 5600 sinc
926 5547 1046 5601 Alsatioc
1063 5546 1094 5600 dc
1112 5546 1186 5600 bone
1203 5547 1235 5599 in
1253 5545 1334 5613 uem,
1353 5560 1422 5613 quoe
1437 5545 1497 5598 colit
1517 5543 1635 5612 Glappb'.
1671 5543 1749 5597 Haec
1766 5548 1832 5598 notu

169 5631 213 5688 dic
237 5641 257 5688 7.
275 5632 345 5702 Sept.
365 5632 499 5701 νομαίων.
535 5631 690 5687 Ηαώοηάα
709 5638 797 5687 amon
810 5633 952 5704 praedicta
968 5634 1048 5688 etium
1064 5633 1181 5686 dabotm
1197 5639 1219 5687 2.
1235 5631 1388 5688 Petrucorii
1493 5633 1528 5698 rs)
1547 5630 1594 5684 Pl.
1612 5629 1643 5683 dc
1660 5645 1732 5700 area,
1751 5647 1833 5699 mcum

170 5719 346 5791 zamran
361 5718 503 5774 euocat

1571 5814 1625 5870 56*
