4388 6442
657 379 920 436 NEGROLOGIUM
938 382 1254 439 OTTENBURANUM.

395 905 903 1004 NEOROLOGIUM
935 908 1514 1006 OTTENBURANUM.

232 1141 440 1233 Mercurio
461 1165 645 1242 moriasterii
670 1163 880 1229 Otteuburami
901 1163 1104 1243 celeberrimi,
1132 1186 1218 1230 anno
1241 1169 1304 1230 764
1326 1166 1459 1245 conditi,
1488 1167 1625 1233 saeculis
1648 1169 1731 1233 XII.
1755 1173 1785 1234 et

132 1269 233 1335 XIII.
257 1269 428 1351 composita
450 1269 611 1350 complura
633 1269 738 1333 adhuc
760 1272 895 1332 castani.

233 1376 268 1458 1)
290 1371 510 1454 Necrolopium
525 1373 784 1453 amoenissimum
800 1371 973 1452 confectum
987 1373 1023 1436 in
1039 1394 1134 1437 usum
1150 1374 1355 1452 cotidianum,
1372 1375 1458 1455 qnod
1471 1373 1579 1440 littera
1590 1376 1623 1440 A
1633 1376 1784 1459 6196661,ι

128 1477 208 1558 folia
231 1481 336 1543 1-21
363 1477 479 1541 codicis
505 1475 652 1539 116054
680 1474 879 1539 bibliothecae
898 1475 1094 1556 principales
1122 1477 1178 1541 Ad
1202 1477 1322 1542 Fontes
1347 1477 1498 1544 Danubii
1520 1479 1648 1562 ecpht.²
1695 1478 1783 1544 Com-

121 1584 265 1665 positum
286 1587 332 1646 est
353 1601 439 1645 amno
461 1581 545 1642 1180
567 1582 598 1643 61
619 1598 640 1640 6
662 1576 772 1641 661116
794 1579 942 1643 omnibus
963 1581 1121 1660 usquein
1135 1601 1258 1645 annum
1274 1584 1605 1649 122866611666166.
1650 1583 1706 1648 Ec
1728 1584 1784 1648 hoc

128 1707 213 1750 anno
241 1684 387 1750 monaehi
415 1705 449 1749 eo
471 1685 522 1747 uti
544 1683 750 1760 destitcrnut;
779 1682 907 1765 sinpula
929 1688 1035 1748 tamen
1056 1686 1187 1750 nomina
1208 1687 1550 1768 666661666666166
1574 1687 1651 1754 XV.
1675 1689 1704 1752 ei
1725 1688 1783 1752 ad-

129 1792 249 1872 scripta
270 1793 355 1854 6661.

230 1893 386 1979 211666
408 1893 494 1956 1228
519 1892 694 1956 mainerio
722 1891 755 1956 A
777 1891 920 1956 concluso
947 1913 1062 1958 66666
1088 1893 1297 1976 necrolopium
1324 1896 1484 1960 conditum
1514 1901 1568 1960 est.
1614 1895 1685 1961 Hoc
1712 1918 1784 1962 vero

128 2003 194 2065 iam
216 1997 575 2074 66116666616111;
601 1997 666 2060 iam
689 1997 858 2061 chrmistis
879 1999 1064 2062 monasterii
1089 1997 1312 2077 Otteuburami,
1335 2001 1393 2081 qui
1413 1999 1538 2065 6666616
1562 1998 1659 2065 XVI.
1682 2006 1784 2078 mant,

123 2125 259 2189 prorsus
280 2105 422 2186 ipnotum
443 2105 521 2164 erat.
567 2098 629 2164 Sed
650 2101 736 2164 circo
758 2121 880 2165 annum
904 2103 988 2165 1200
1011 2123 1049 2166 en
1076 2122 1109 2166 eo
1132 2103 1323 2184 descriptum
1344 2109 1390 2167 661
1412 2102 1571 2184 ecemplar
1591 2102 1671 2188 (B),
1701 2104 1786 2185 quod

129 2194 207 2291 tona
231 2209 379 2271 ecc-30
401 2205 519 2269 caeos
541 2204 601 2268 6.
618 2204 681 2267 ceo
704 2203 1487 2286 6616166666666161666660666
1510 2207 1619 2288 666,
1642 2208 1785 2289 quoqu

129 2335 228 2395 66666
256 2313 293 2376 16
318 2308 480 2375 saeculnm
504 2307 640 2373 XVIII.
669 2309 746 2373 used
772 2310 931 2374 cotiliano
957 2310 1154 2374 inserviebat.
1209 2309 1311 2376 (16166
1324 2311 1480 2393 permulti
1501 2313 1691 2377 exstiterunt
1712 2333 1784 2376 eon-

130 2419 316 2492 tinuotoras,
347 2414 404 2494 qni
430 2433 530 2494 usque
551 2412 596 2475 ad
616 2411 778 2477 sacerdtem
803 2413 955 2492 XVIII,
984 2414 1142 2494 imprimis
1163 2434 1233 2479 vcro
1254 2414 1378 2479 saeculo
1403 2416 1499 2480 XVI.
1522 2417 1559 2480 id
1579 2417 1785 2480 adauxerunt

128 2520 306 2584 nominibus
325 2517 487 2598 plurimis.
538 2516 684 2580 Maaime
710 2522 755 2580 est
782 2517 962 2595 dolendum,
992 2518 1077 2598 quod
1098 2519 1332 2583 commemores
1353 2519 1474 2584 saeculi
1498 2520 1534 2584 X
1540 2519 1610 2598 VI.,
1641 2525 1679 2585 ut
1700 2521 1785 2584 66116

129 2625 197 2687 6616
217 2623 358 2704 spatium
380 2625 532 2697 crearent,
554 2621 684 2701 saepius
705 2621 835 2685 nomina
850 2621 967 2702 priora
989 2621 1130 2685 radendo
1151 2621 1358 2686 sustulerunt.

229 2728 267 2811 3)
288 2725 421 2789 Praeter
448 2722 624 2806 necrolopia
650 2722 683 2786 A
704 2729 734 2788 61
755 2724 790 2788 Β
811 2746 911 2805 cisque
937 2725 974 2788 in
994 2723 1156 2789 saeccdnm
1180 2724 1257 2790 XV.
1280 2727 1494 2790 mortuarium
1516 2725 1660 2803 tertium,
1690 2745 1712 2788 a
1734 2747 1782 2789 me

132 2830 409 2911 Onnncnpatum,
439 2829 477 2891 in
498 2849 561 2892 666
583 2831 667 2904 erat,
697 2829 781 2908 quod
802 2827 916 2910 lepitur
942 2830 980 2892 in
1001 2829 1105 2893 codice
1126 2829 1186 2892 Nr.
1211 2829 1275 2892 653
1297 2830 1435 2894 eiusdem
1458 2829 1666 2894 bibliothecae.
1712 2829 1782 2894 Hoc

128 2934 284 3015 ecernplar
311 2935 396 2998 cirea
424 2953 546 2996 annum
569 2933 654 2994 1170
683 2929 798 2996 litteris
812 2931 1041 3013 pulcherrimis
1063 2933 1176 3012 confici
1198 2938 1339 3013 coeptum
1361 2935 1406 2998 ad
1427 2934 1630 2999 inscribenda
1651 2934 1783 2998 nomina

128 3037 289 3102 hominnm
311 3037 495 3115 illustrium,
519 3041 548 3099 et
570 3034 801 3115 benefactorum
813 3035 1009 3099 monasterii
1024 3039 1054 3098 et
1068 3055 1184 3112 amum,
1207 3057 1340 3117 quorum
1356 3039 1584 3102 anniversaria
1599 3035 1784 3102 celebranda

128 3146 227 3220 66661,
249 3141 442 3206 destinatum
464 3145 518 3217 est,
542 3159 608 3220 qna
629 3160 663 3202 re
686 3145 791 3203 tanum
813 3139 1048 3203 cordinnatores
1069 3138 1267 3204 saeeuhirnm
1291 3139 1393 3204 XIII.
1419 3141 1516 3207 XIV.
1542 3141 1618 3206 XV.
1638 3141 1783 3223 impediti

126 3265 192 3310 non
213 3251 298 3322 sunt,
321 3245 491 3326 quominus
512 3245 609 3308 etiam
629 3243 761 3307 nomina
776 3242 877 3323 plone
898 3243 1006 3324 ipnota
1028 3243 1249 3309 adscriberent.

229 3348 507 3426 6116166666
539 3345 790 3412 Otteuburanum
818 3352 984 3428 quartum,
1015 3369 1036 3411 a
1063 3369 1111 3412 me
1137 3347 1173 3412 D
1200 3349 1414 3427 nominatum,
1445 3349 1540 3412 cicius
1568 3350 1664 3414 eaden
1692 3349 1784 3413 hodie

127 3454 264 3518 amissus
284 3459 338 3530 est,
360 3453 440 3533 quin
461 3453 536 3516 item
557 3451 602 3514 ad
622 3451 752 3515 nomina
770 3450 926 3516 mobiliora
941 3451 1142 3515 inscribenda
1157 3453 1342 3517 institutum
1363 3454 1415 3532 611,
1437 3473 1502 3518 non
1519 3453 1636 3518 dubito.
1671 3452 1783 3517 Huius

127 3557 306 3640 necrolopii,
335 3557 419 3638 qnod
447 3561 522 3620 teste
544 3554 659 3619 Hessio
680 3555 804 3620 saeculo
828 3554 910 3620 XII.
935 3556 1077 3635 componi
1097 3557 1253 3636 coeptum,
1283 3557 1407 3620 saeculo
1432 3557 1534 3622 XIII.
1557 3558 1782 3622 continuatum

127 3668 186 3740 est,
219 3666 362 3742 excerpta
390 3664 515 3723 tantum
544 3665 716 3740 66666661
744 3659 784 3724 ab
806 3649 924 3724 Hessio'
948 3658 1002 3724 1116
1030 3661 1066 3724 16
1093 3661 1333 3738 „Monumentis
1358 3660 1563 3741 8661611616(
1590 3665 1783 3728 anno1784

128 3767 226 3844 edita,·
248 3767 342 3830 coclea
362 3763 530 3845 necrolopii
550 3765 654 3844 ipsius
669 3763 778 3827 Hessii
800 3769 933 3845 ternpore
954 3765 1021 3827 iam
1034 3764 1203 3829 mutilatus
1223 3766 1307 3846 fuit;
1328 3766 1457 3830 deerard
1479 3767 1563 3830 enim
1583 3764 1679 3847 folia,
1701 3787 1783 3846 quae

127 3871 255 3934 nomina
277 3891 299 3933 a
321 3869 372 3933 die
394 3868 423 3931 5.
447 3866 620 3932 Februarii
641 3889 740 3948 usqne
761 3869 813 3931 ad·
826 3869 908 3932 (1166
929 3870 982 3932 25.
1006 3867 1095 3932 Maii
1116 3869 1273 3950 inscripta
1296 3871 1504 3934 continebant.

229 3973 362 4037 Praeter
384 3973 460 4036 haee
474 3971 649 4054 necrolopia
665 3971 838 4052 complures
852 3972 999 4036 monachi
1016 3970 1226 4037 Otteuburami
1240 3979 1334 4037 66166
1347 3973 1557 4056 necrolopieas
1570 3973 1783 4054 scripserunt:

229 4081 264 4154 1)
287 4077 390 4141 Notas
410 4074 620 4158 necrolopicas
641 4075 760 4140 6666611
784 4075 866 4140 XII.
890 4081 919 4139 et
944 4076 1045 4140 XIII.
1069 4078 1206 4156 scriptas
1220 4078 1285 4141 cod.
1301 4079 1558 4143 membranaceus
1572 4077 1780 4142 161111666-

129 4182 227 4244 censis
249 4181 308 4244 Nr.
332 4181 417 4243 9921
439 4180 585 4257 continet,
608 4200 690 4261 quas
711 4179 763 4243 hic
785 4181 924 4244 6116661
943 4179 1053 4244 littera
1076 4179 1111 4244 Ε
1129 4181 1281 4262 61666166.

227 4287 264 4370 2)
285 4283 419 4348 Missali
441 4283 606 4365 Isinprimi
635 4283 758 4347 abbatis
783 4283 993 4349 Otteuburami
1020 4285 1266 4364 membranaceo,
1297 4285 1383 4367 quod
1409 4306 1496 4350 6666
1524 4291 1570 4350 est
1597 4287 1783 4352 monasterii

127 4410 152 4452 6.
174 4387 325 4470 Stephani
341 4388 545 4470 'Aupustani
575 4387 700 4452 6666616
725 4387 807 4453 XII.
837 4390 937 4453 medio
965 4389 1079 4452 litteris
1101 4388 1329 4470 pulcherrimis
1356 4390 1473 4471 ser-ipio
1493 4391 1709 4470 praemissum
1736 4397 1783 4455 est

129 4493 356 4570 calendarium,
387 4493 510 4572 inquo
539 4492 582 4567 16,
613 4492 670 4572 qni
691 4493 820 4572 primus
846 4491 1017 4573 necrolopio
1044 4491 1224 4558 (1666166
1247 4493 1432 4575 adscripsit,
1461 4499 1554 4558 notas
1574 4495 1783 4578 necrolopieas

129 4619 149 4660 a
169 4619 215 4662 me
236 4597 273 4662 F
289 4601 501 4677 nuncupatas,
525 4597 682 4678 apposnit.

228 4704 265 4783 3)
291 4701 403 4780 Oodeu,
426 4723 465 4766 ecc
485 4723 547 4783 qno
562 4701 767 4784 Fepcraberut
788 4703 929 4782 inopere
950 4721 1008 4765 suo
1029 4699 1117 4780 „Des
1132 4701 1321 4785 6166661666
1338 4701 1559 4782 Reichsstiftcs
1576 4700 1783 4768 Ottenbcuren

130 4807 164 4870 in
178 4807 347 4872 Schwaben
361 4805 554 4870 simmttiehe
568 4805 786 4870 Jcirtocier‘
801 4807 931 4870 nomina
945 4805 1100 4871 nonnulla
1115 4808 1235 4872 6666611
1252 4808 1295 4873 X.
1317 4813 1348 4872 et
1364 4805 1446 4870 XII.
1470 4827 1491 4869 a
1512 4827 1560 4870 mc
1578 4805 1609 4870 G
1623 4807 1783 4889 appellata

132 4911 289 4992 cummisit,
312 4911 450 4974 6616666
472 4914 526 4974 est.
995 4907 996 4910 ’

229 5013 447 5097 Ν6666166166
477 5013 727 5080 Otteuburanuni
761 5015 827 5078 166
856 5035 942 5080 anno
970 5018 1056 5079 1878
1084 5016 1121 5079 16
1148 5013 1227 5080 libro
1255 5013 1462 5094 „Zeitsehrist
1492 5015 1546 5078 des
1575 5013 1783 5080 historischen

137 5115 261 5182 Vereins
281 5118 337 5199 fiir
359 5116 529 5183 Schwaben
550 5119 619 5182 und
639 5117 812 5201 Neuburp“
842 5117 877 5196 V,
900 5120 1071 5182 358-450
1094 5124 1244 5182 accurate
1267 5119 1419 5199 descripsi
1440 5122 1470 5181 et
1492 5118 1585 5181 edidi.

228 5222 292 5286 Hie
314 5227 408 5286 66166
428 5222 595 5304 necrolopii
615 5222 714 5286 huius
737 5224 784 5286 sic
805 5223 957 5288 distinxi:
979 5224 1120 5287 Nomina
1139 5223 1240 5286 codici
1254 5221 1331 5286 Fet
1345 5221 1446 5285 codici
1465 5219 1493 5285 0
1497 5222 1605 5302 primo
1620 5222 1784 5304 adscripta
1835 5307 1839 5312 Ι

132 5321 239 5390 litteris
265 5327 439 5391 6616611666
466 5325 564 5390 latius
593 5325 769 5407 di'spmsitis,
800 5329 931 5392 nomina
961 5328 1077 5392 codicis
1105 5327 1138 5394 A
1160 5347 1260 5408 usqne
1282 5327 1326 5390 acl
1347 5347 1471 5390 annum
1494 5329 1579 5389 1180
1601 5329 1784 5392 61666166

229 5537 251 5602 ι)
271 5535 379 5604 Papiria
392 5535 484 5603 prium
502 5534 558 5587 eine
574 5533 648 5589 valde
659 5537 731 5590 16666
743 5540 786 5590 cet.
891 5538 914 5603 e)
930 5535 1034 5590 codices
1045 5536 1219 5605 necrolopioee
1233 5535 1433 5590 Otteuburanoe
1444 5552 1519 5590 6666
1530 5535 1561 5588 in
1573 5536 1623 5590 hac
1634 5536 1784 5591 bibliotheca

131 5627 288 5676 6666666166
305 5621 347 5676 n'r
359 5622 522 5677 6166661666
534 5621 641 5677 Barach
658 5622 724 5690 (Die
735 5621 948 5689 Hondsdintim
960 5622 1006 5678 der
1014 5621 1137 5691 dicitlicit
1146 5622 1396 5694 sicretmberpiichm
1408 5622 1608 5692 Hot’bebiiotluh
1624 5624 1784 5680 66116666-

132 5706 259 5778 aduena
274 5726 303 5779 p.
321 5711 476 5780 coe-me)
493 5709 586 5780 urim
603 5709 745 5780 666666

1519 5805 1570 5862 13*
