4456 6428
893 375 1120 439 FRAGMENTA
1139 373 1359 438 Naoaoaoon
1379 372 1625 435 sarabaiam.

566 902 1006 999 FRAGMENTA
1036 878 1463 996 'Naoaouoon
1496 898 1961 994 ssaaassvaaal.

541 1129 772 1240 biaoariam
798 1157 981 1222 mauu
1006 1155 1229 1233 suavila,
1258 1157 1381 1220 ualuis
1406 1178 1431 1220 s.
1455 1155 1633 1232 amaria,
1661 1155 1785 1219 saun
1809 1155 1871 1219 xl.
1895 1162 2024 1221 aava
2049 1160 2083 1222 a

438 1263 583 1326 honorem
596 1283 622 1324 s.
636 1261 793 1326 Iohannis
807 1261 976 1341 Raptam
997 1259 1137 1340 fundati,
1159 1261 1259 1323 morlia
1280 1280 1353 1322 acvo
1376 1259 1586 1338 couscriptum
1607 1259 1809 1344 iamdudum
1818 1259 1927 1339 periit
1973 1259 2082 1325 Poma

438 1388 477 1430 ca
499 1387 532 1431 eo
554 1367 684 1430 nomtna
705 1365 837 1432 Utricus
852 1364 968 1430 Strebcl
982 1365 1194 1429 mcbdmconus
1216 1370 1244 1428 et
1261 1363 1432 1428 monachus
1446 1361 1680 1426 thuburanus
1702 1363 1737 1426 in
1751 1362 1959 1445 necrolaqium
1973 1387 2083 1429 novrrm

438 1470 630 1550 monasterii
643 1471 703 1547 sui,
726 1490 748 1531 a
768 1491 800 1533 sc
822 1491 907 1534 anna
926 1469 1010 1532 1566
1031 1469 1196 1550 incaptum,
1221 1466 1394 1532 transtulit.
1433 1465 1503 1530 llvc
1525 1465 1683 1546 mmmlar·
1703 1487 1789 1530 nunc
1811 1473 1856 1530 est
1878 1469 1974 1532 codex
1994 1490 2083 1532 aiem

439 1573 613 1637 brauaccus
635 1575 705 1653 (2⁰)
726 1572 760 1636 B
775 1573 817 1636 25
841 1571 1038 1636 bibliothecae
1053 1571 1262 1652 provincialis
1277 1571 1456 1646 Fuldonsis,
1478 1576 1574 1634 antea
1595 1568 1661 1650 fuit
1682 1571 1776 1634 codor
1794 1569 1831 1634 F
1842 1575 1883 1632 14
1905 1573 2085 1637 umnastcrii

447 1676 702 1758 Wcinaartcnsis.
747 1675 858 1738 Etiam
877 1674 1066 1740 Gabellover
1086 1674 1257 1740 nonnaffls
1278 1680 1370 1738 riolas
1391 1673 1556 1755 nccroloaii
1573 1674 1695 1754 prioris
1710 1672 1917 1738 Bhiuburam'
1937 1678 2086 1754 servavit;

439 1781 554 1860 recepit
575 1781 658 1843 enim
680 1799 734 1842 eas
755 1780 791 1842 in
806 1777 993 1843 collectanea
1013 1799 1075 1842 sua
1087 1777 1292 1860 yeucaloaica,
1315 1798 1397 1858 quae
1411 1775 1501 1840 hadre
1523 1777 1560 1840 in
1574 1775 1733 1840 tabulario
1746 1779 1830 1858 rocio
1846 1779 2085 1862 Stuttyarcliana

441 1888 654 1946 assonantur.
676 1890 677 1894 ’
699 1881 862 1946 Meliorem
884 1903 954 1946 voro
972 1881 1139 1963 ncmvloaii
1153 1881 1360 1946 Blaubmani
1374 1880 1528 1961 dmmditi
1542 1881 1689 1944 notitiam
1711 1902 1744 1944 co
1760 1883 1983 1962 nanciscimur,
2007 1886 2087 1965 quad

445 1983 652 2050 Christianus
675 1983 851 2064 Tabinaius
879 1985 975 2050 abbas
996 1985 1229 2049 Blauburanus
1250 1991 1342 2048 natas
1357 1983 1536 2064 permultas
1557 2005 1596 2048 ea
1617 2005 1667 2062 cv,
1698 1985 1782 2065 quod
1803 1991 1891 2050 vacat
1913 1987 2086 2068 capitulare

441 2089 661 2166 mortuarium,
684 2088 891 2169 capitularem
907 2088 1055 2168 tabulam,
1072 2091 1240 2170 antiquum
1252 2087 1478 2164 calaritanum,
1494 2087 1660 2152 transtulit
1674 2090 1710 2152 iu
1726 2089 1892 2154 chronicon
1906 2094 2088 2156 nronastcrii

441 2193 509 2270 sni,
542 2192 626 2272 quael
646 2213 731 2256 anuo
755 2192 999 2274 1521perfeca.
1045 2192 1190 2258 Manlau
1212 2199 1318 2256 autem
1339 2197 1385 2257 est
1407 2192 1589 2269 dolendum,
1620 2193 1704 2273 quad
1725 2193 1791 2256 dies
1813 2195 1915 2258 obitus
1936 2195 2087 2259 adnatare

381 2285 387 2302 ⁸
442 2296 563 2372 ornisit;
586 2296 680 2358 etiam
700 2295 842 2377 linquam
857 2297 953 2360 raclii
967 2297 1036 2360 aevi
1043 2299 1169 2378 passim
1184 2298 1394 2361 commutavit.
1439 2296 1550 2360 Huius
1564 2296 1704 2360 chronici
1718 2297 1876 2378 ecunplar
1890 2298 2088 2364 chartaceum

441 2399 564 2464 saecula
576 2398 670 2463 XVI.
687 2401 847 2480 scm'ptum,
870 2423 931 2480 qua
952 2401 1004 2465 hic
1025 2423 1105 2464 vasus
1128 2423 1207 2480 sum,
1230 2423 1317 2465 nunc
1332 2399 1485 2464 tabularii
1503 2401 1582 2481 ravi-i
1598 2399 1835 2480 Stnttaardiaui
1856 2408 1910 2466 cst.
1944 2402 2088 2467 Alterum

442 2501 600 2583 cacmphtr
621 2525 692 2566 cum
714 2502 767 2568 illa
784 2525 921 2584 prorsus
943 2503 1009 2584 fere
1030 2526 1210 2587 cananeus,
1234 2505 1318 2586 quod
1332 2504 1431 2567 edidit
1445 2502 1561 2568 Sattlcr
1575 2501 1774 2586 (Gcschichtc
1796 2505 1848 2569 das
1864 2505 2090 2588 Horcoathums

449 2606 650 2688 Wirtcnbcra
671 2614 765 2672 anter
786 2609 841 2672 ‹ler
860 2609 1039 2690 Regiorum}
1061 2611 1116 2673 der
1139 2609 1274 2686 Gravia,
1298 2609 1393 2673 editio
1414 2609 1552 2672 secunda
1573 2609 1595 2671 I
1602 2608 1643 2684 V,
1662 2611 1726 2674 281
1740 2611 1829 2692 sqq),
1851 2610 1942 2674 horlie
1957 2611 2090 2690 periisse

442 2711 574 2775 oidclm.
1961 2725 1963 2728 ’

547 2815 697 2897 Tubinaii
726 2822 828 2880 aetate
850 2823 980 2898 praeta
1006 2818 1214 2900 maclovium
1236 2817 1314 2882 libor
1335 2819 1641 2894 anniversariorum,
1673 2839 1763 2898 quom
1787 2815 1838 2880 ille
1859 2818 1956 2881 ctiam
1977 2816 2090 2881 libram

442 2920 625 2983 animarum
645 2921 798 2998 nominat,
820 2923 1004 2985 monasterii
1022 2921 1230 2986 Blaulmrani
1252 2923 1387 2999 asstitit,
1408 2923 1465 3003 qui
1486 2923 1559 2986 item
1582 2924 1646 2986 iam
1669 2921 1790 2986 acidiam
1806 2923 1922 3002 periit·
1943 2922 2091 2986 habemus

442 3023 532 3086 hodic
560 3027 684 3087 tantum
713 3029 874 3104 aucupto,
906 3047 987 3106 quac
1011 3025 1186 3107 Tabinaius
1215 3027 1250 3090 in
1279 3026 1447 3090 chronicon
1467 3049 1561 3090 suum
1583 3031 1612 3091 ct
1637 3026 1827 3092 Grtbclhovor
1847 3027 1883 3089 in
1906 3025 2090 3090 collectanea

440 3126 636 3209 ycncalayica
658 3129 780 3210 recepit.
826 3127 1005 3193 Dolcndum
1027 3135 1080 3206 est,
1103 3131 1187 3211 quad
1208 3131 1275 3194 (lies
1297 3131 1588 3195 anniversariorum
1610 3131 1789 3194 omiserunt.

548 3233 688 3298 Nomina
709 3234 841 3298 iunioris
862 3236 1008 3298 momenti
1030 3256 1052 3298 a
1074 3234 1220 3299 Strcbclio
1242 3241 1422 3300 corrscroata
1445 3235 1545 3298 litoris
1571 3235 1704 3297 uitantis
1726 3233 1777 3297 hic
1798 3233 1884 3297 ccliii
1905 3239 1934 3296 et
1956 3255 2028 3296 cum
2049 3232 2092 3296 eis

442 3341 534 3400 notas
556 3356 577 3398 a
603 3336 809 3402 Gabelhovero
836 3340 1063 3420 tr·ausscm'plas
1090 3340 1190 3403 literis
1218 3339 1317 3403 latius
1344 3341 1505 3421 dimositis
1526 3341 1669 3422 siynatas
1691 3338 1853 3402 coniunxi.
1899 3337 2092 3417 Appendicis

443 3445 548 3503 autom
571 3439 635 3504 loco
656 3441 759 3504 alioci
774 3440 923 3522 Tabinaii
945 3449 1089 3524 eaccrpta
1111 3465 1149 3506 ca
1163 3435 1333 3523 necrolaaio
1347 3441 1558 3508 Bhtuburano
1581 3449 1610 3506 ct
1631 3465 1669 3506 aa
1692 3441 1769 3506 libro
1789 3442 2089 3505 anniversariorum.

1131 3742 1407 3816 IANUARIUS.

462 3888 487 3940 2.
558 3886 596 3940 IV
614 3903 678 3941 non.
707 3886 854 3943 Hainrieus
866 3905 934 3943 com.
949 3889 983 3943 de
997 3889 1174 3961 Thubingen,
1193 3892 1260 3946 fuit
1278 3893 1421 3948 institor
1438 3893 1638 3947 famulorum
1657 3891 1689 3946 in
1707 3889 1768 3945 hoc
1785 3890 1858 3944 loco
1870 3887 1931 3942 deo
1944 3887 2091 3942 servien-

754 3974 852 4039 tium,
870 3977 904 4029 et
921 3975 1084 4032 idearum
1097 3979 1336 4034 necessitatem
1350 3977 1844 4050 deditsuperAlpesballodia
1857 3975 2091 4038 Hadenhuscn,

754 4061 975 4125 Berehuleva,
997 4063 1171 4130 Wineden‚
1191 4065 1450 4129 Hohenhvluva,
1469 4065 1729 4136 Tragenwilere.

446 4147 486 4201 18.
544 4147 594 4200 XV
613 4146 668 4199 kal.
705 4145 850 4201 Siumarus
867 4147 885 4202 l.

445 4234 487 4286 21.
541 4232 593 4286 XII
611 4233 666 4287 kal.
703 4234 796 4302 Agnes
814 4245 890 4288 com*
907 4235 942 4289 de
961 4235 1143 4292 Hellenstain.

1108 4393 1427 4477 FEBRUARIUS.

447 4509 486 4560 14.
530 4507 594 4561 XVI
611 4507 668 4561 kal.
706 4508 813 4563 Ulricus
831 4527 900 4564 com.
915 4510 953 4574 ¹de
971 4511 1155 4573 Hellenshain.

445 4594 487 4646 28.
567 4594 592 4646 11
611 4595 667 4648 kal.
703 4595 866 4650 Adclhaidis
884 4607 960 4651 com*
978 4597 1013 4652 de
1031 4598 1201 4654 Hohenloch.

1159 4763 1386 4837 MARTIUS.

447 4869 488 4925 16.
517 4869 596 4924 XVII
614 4871 670 4926 kal.
707 4872 820 4926 Beahrix
839 4884 914 4927 c01n²
932 4873 966 4928 de
985 4874 1167 4932 Hellenstain.

446 4957 487 5011 21.
545 4957 598 5011 XII
616 4958 671 5012 kal.
707 4958 879 5014 Iberonimus
898 4961 960 5014 abb.

447 5182 489 5235 2„
543 5181 669 5236 VM„
705 5183 868 5254 iugerum.
1172 5092 1374 5168 nomas

1190 5335 1351 5410 MAIUS.

465 5425 489 5476 Γ.
572 5423 597 5476 V
615 5441 678 5478 non.
707 5423 850 5478 Folmarus
869 5427 928 5496 pbr.

483 5550 489 5563 .
576 5509 656 5564 vid.
710 5511 853 5566 cunradus
872 5512 930 5566 dec.

483 5635 490 5648 .
558 5595 599 5650 ΙΙΙ
617 5597 654 5651 id.
708 5598 787 5652 Iazza
803 5598 837 5652 1².

484 5723 489 5737 .
571 5682 598 5736 Π
616 5682 672 5737 kal.
708 5684 796 5740 Willa
814 5684 845 5740 1⁸.
