4298 6436
418 398 685 456 NEOROLOGIUM
704 391 1041 456 VRANOISCANORUM
1060 399 1369 458 SCAFHUSIINSIUM.

502 671 505 678 -
806 615 977 692 lUNlUS.

80 719 106 772 3.
176 715 216 769 111
233 728 298 767 non.
325 710 494 767 Wilhelmus
511 711 700 783 Heggencnin.

80 809 106 859 ἴ).
230 816 294 854 non.
321 797 393 853 Kolb
412 799 493 854 miles
511 816 565 854 von
585 800 694 862 liinovv,
712 799 818 854 amicus
837 799 964 854 fratrum.
994 798 1131 854 Msehtild
1150 799 1186 853 de
1203 798 1322 854 Hellovs.

81 893 107 946 6.
148 887 216 942 VIII
234 885 271 940 id.
326 885 501 940 Burcherdus
519 884 583 939 Zem
602 884 666 948 Tor,
686 883 731 938 bic
750 885 886 955 sepultus.

82 979 106 1030 7.
162 972 215 1028 Vll
233 971 271 1025 id.
325 972 424 1026 Petrus
442 971 477 1025 de
489 970 589 1025 Tsiffen
607 971 660 1035 ob,
679 970 725 1025 hic
742 971 877 1040 sepultus,
896 989 1016 1042 mugnus
1036 971 1196 1026 benefactor
1214 973 1243 1025 et
1255 974 1418 1040 procurator
1431 970 1558 1026 Irntrnm.
1589 969 1727 1025 0111160-

376 1057 469 1113 dolfns
486 1057 635 1111 Aurifnber
652 1057 837 1122 monetarius,
865 1058 923 1113 und
946 1058 1021 1113 hond
1047 1058 1094 1112 sin
1114 1056 1215 1112 schoen
1235 1073 1427 1126 messgevsnu
1446 1055 1499 1110 dur
1517 1055 1592 1110 siner
1610 1055 1649 1110 sel
1668 1055 1728 1110 lmil

379 1142 483 1197 willen.
513 1143 553 1196 Ul
567 1143 622 1198 den
640 1146 691 1213 ing
709 1143 816 1198 erlnsch
836 1144 882 1198 die
901 1162 981 1199 sunn.

81 1236 106 1290 8.
177 1233 216 1286 VI
233 1231 270 1285 id.
324 1228 535 1285 lacobusfluno
553 1227 741 1299 deHdfingeu
759 1232 923 1300 procurator
941 1232 1044 1294 noster,
1063 1229 1109 1284 hic
1127 1229 1262 1300 sepultus.
1292 1228 1472 1297 liuodegerus
1490 1227 1618 1282 In'l'urri
1635 1229 1728 1282 rector

378 1316 493 1372 ecclesie
511 1315 541 1369 in
560 1314 773 1370 Moerishussen.

82 1411 107 1462 9.
192 1405 272 1459 Vid.
326 1401 404 1457 Frovv
423 1402 586 1472 Mergretun
605 1402 756 1467 Roetinun,
775 1402 825 1456 ber
843 1401 1001 1474 Ilgbrechtn
1019 1404 1068 1458 des
1086 1405 1178 1458 lioten
1197 1402 1282 1458 elichi
1301 1401 1379 1466 Irov,
1398 1401 1444 1455 hic
1461 1401 1594 1471 sepulte¹

66 1496 108 1550 10.
179 1493 217 1547 lV
235 1491 273 1545 id.
326 1493 407 1544 Anno
428 1488 556 1544 136401).
574 1488 764 1543 illustrissima
782 1489 897 1545 domine
915 1491 1010 1561 Agnes
1028 1490 1127 1560 regins
1146 1489 1283 1560 ngarIe,
1307 1487 1488 1543 devotissime
1506 1493 1597 1543 meter
1615 1487 1722 1544 ordinis

377 1577 456 1631 cuius
474 1593 539 1630 nnn.
557 1576 751 1646 sollempniter
769 1576 934 1632 celebretur.

66 1671 107 1722 11.
147 1701 149 1706 -
178 1666 218 1720 lIl
236 1665 273 1718 id.
328 1664 379 1719 Ob.
397 1661 561 1718 domicellus
579 1661 699 1726 Joehler,
719 1662 766 1718 hic
783 1663 932 1733 sepultus.²

66 1756 108 1808 12.
191 1752 216 1806 ll
234 1750 273 1804 id.
326 1749 537 1820 Mergnrcthv)
560 1748 594 1802 de
612 1749 763 1812 Mandech,
788 1749 834 1804 hic
857 1750 982 1819 sepulto,
1005 1765 1060 1817 que
1078 1747 1134 1803 fuit
1150 1764 1221 1803 uxor
1240 1748 1381 1804 domicelli
1401 1747 1541 1804 cuonradi
1560 1749 1595 1803 ds
1614 1748 1727 1802 llulsch.

375 1836 426 1891 Ob.
445 1835 549 1891 Goetzo
566 1834 602 1888 de
620 1835 808 1906 Hycncnberg
826 1836 913 1902 miles,
932 1853 1050 1906 mugnus
1068 1835 1175 1890 amicus
1193 1835 1309 1901 ordinis,
1328 1835 1374 1890 liic
1393 1836 1528 1905 sepultus.

66 1929 107 1982 15.
135 1925 214 1979 XVlI
232 1923 288 1977 knl.
324 1925 429 1980 Jsrczit
446 1924 514 1978 irovv
534 1925 698 1993 Anguessen
716 1923 934 1993 Oenningennin
953 1923 1011 1977 und
1026 1923 1149 1993 juncker
1170 1923 1317 1977 Wilhnlms
1335 1924 1376 1978 Im
1396 1923 1488 1988 Turn,
1506 1923 1598 1978 duvon
1617 1922 1728 1977 hobend

375 2011 427 2066 vvis
443 2011 614 2079 ingenumen
631 2009 713 2072 2011..
732 2009 778 2063 die
796 2009 892 2063 selben
910 2008 1016 2080 gulden
1034 2009 1100 2064 siud
1117 2009 1255 2079 ferbdgen
1275 2026 1312 2064 un
1330 2010 1377 2064 die
1396 2011 1519 2066 kilchen.

66 2100 109 2155 16.
150 2097 216 2152 XVI
234 2096 289 2149 kal.
326 2095 494 2153 Domicellus
514 2095 681 2150 Wilhelmus
698 2095 731 2149 Iu
750 2095 844 2162 Turri,
863 2096 918 2150 den
936 2113 1002 2150 mun
1021 2100 1122 2166 numpt
1139 2096 1194 2152 den
1212 2096 1357 2162 decursu,
1376 2095 1422 2152 hic
1441 2093 1591 2167 sepultus.⁸
1620 2095 1729 2150 Junkcr

378 2181 511 2240 Heinrich
529 2197 584 2234 von
602 2181 742 2251 Rossberg
760 2182 818 2236 und
835 2183 904 2237 frovs
923 2185 1031 2249 Annon,
1050 2182 1125 2238 siner
1143 2186 1261 2250 muoter,
1280 2183 1337 2238 und
1358 2184 1473 2240 Henscn
1491 2184 1549 2238 sins
1567 2185 1656 2238 suns.⁴

67 2274 108 2327 17.
165 2271 215 2325 XV
234 2269 290 2323 kal.
326 2271 433 2326 Junker
450 2269 562 2337 Rueger
585 2269 626 2323 lm
649 2268 725 2322 Turn
750 2285 801 2323 zuo
824 2269 873 2324 der
896 2269 1111 2336 Hsselstuden‚⁸
1136 2271 1256 2326 Ruescbi
1275 2271 1421 2334 Mertzler,
1447 2272 1504 2326 sins
1527 2271 1658 2334 knechts,
1683 2266 1729 2324 hie

377 2355 493 2427 sepulti,
512 2354 561 2423 qui
580 2354 663 2410 occisi
681 2357 748 2410 sunt
765 2373 852 2426 prope
870 2355 973 2411 Sancto
992 2357 1081 2414 Gallo.
1112 2358 1219 2413 Junker
1238 2359 1366 2422 boosson,
1385 2359 1434 2427 qui
1454 2357 1562 2412 occisus
1580 2360 1624 2412 eet
1641 2373 1728 2428 prope

379 2445 482 2498 Sancto
501 2441 590 2506 Gallo,
609 2441 656 2496 luc
673 2443 822 2512 sepultus.⁸

67 2535 108 2587 18.
153 2529 219 2584 XIV
236 2527 292 2582 kal.
328 2531 501 2618 Egbrechtus
518 2527 553 2583 de
566 2527 739 2599 Herblingen
757 2529 811 2594 ob,
830 2529 875 2584 hic
894 2531 1029 2600 sepultus.
1060 2531 1111 2587 Ob.
1125 2532 1339 2587 Bartholomeus
1354 2531 1389 2586 de
1402 2531 1619 2601 Schvuudberg,
1637 2549 1654 2585 a
1673 2549 1728 2600 quo

377 2625 532 2678 receplmus
549 2613 651 2670 bonum
670 2615 858 2670 elemosinam.

65 2707 109 2759 22.
192 2703 217 2756 X
234 2701 290 2756 kal.
327 2700 482 2754 Kntberinu
500 2700 642 2770 legiItimn
662 2701 752 2772 [uxor]
771 2701 923 2772 Egbrecbti
942 2703 1062 2758 Scultcti
1081 2704 1125 2758 ob.

65 2793 108 2846 24.
154 2789 218 2844 VIII
236 2788 292 2844 lsnl.
328 2785 509 2856 Mmgsrechs
526 2787 561 2841 de
579 2787 685 2843 Fulach
704 2787 750 2842 hic
768 2788 889 2858 sepulte.

65 2879 108 2933 26.
177 2876 217 2930 VI
235 2875 291 2928 kal.
326 2871 677 3029 Dongnczlgluzelrtgedgerus
696 2874 728 2928 In
747 2873 829 2928 anri
849 2891 879 2928 ze
897 2873 947 2928 der
962 2873 1158 2939 Hsselstuden,
1177 2873 1222 2928 hic
1240 2875 1375 2944 sepultus.
1408 2876 1487 2930 Frovv
1501 2876 1655 2933 Elsbethun
1676 2894 1729 2966 von

66 3052 110 3105 28.
181 3049 219 3103 lV
237 3047 293 3101 lml.
329 3045 373 3099 Fr.
392 3045 474 3113 Hugo
493 3045 528 3100 dc
546 3045 713 3112 Wintertur,
731 3048 884 3118 gardinnus
902 3047 1084 3117 Vilingeusis.

815 3211 983 3285 IULIUS.

76 3338 110 3392 θ.
194 3335 218 3389 V
237 3350 301 3388 non.
328 3333 501 3402 Egbrechtus
519 3333 608 3399 miles,
627 3351 746 3404 mugnus
764 3335 871 3390 amicus
887 3335 1015 3398 fratrum,
1033 3333 1080 3389 hic
1099 3334 1233 3403 sepultus.

84 3425 110 3478 8.
152 3421 218 3477 VIII
236 3420 274 3476 id.
328 3419 488 3474 Burkurdus
506 3420 595 3475 villici
615 3421 648 3474 de
666 3421 807 3476 Jestettcu
825 3421 933 3486 militis,
952 3421 998 3475 hIc
1016 3421 1151 3491 sepultus,
1170 3421 1199 3473 et
1218 3418 1333 3473 Winme
1350 3419 1507 3490 Hopplnrin
1525 3419 1584 3474 filis
1602 3418 1670 3474 eins.

85 3514 110 3566 9.
167 3509 219 3563 1111
238 3507 274 3562 id.
328 3505 495 3562 Domicellus
518 3507 656 3562 lohannes
680 3507 772 3563 dictus
794 3508 967 3580 Heggmmi,
993 3507 1160 3561 Wilhelmus
1178 3505 1321 3561 Scultetus
1342 3505 1436 3571 miles,
1462 3505 1626 3561 domicellus
1644 3504 1729 3560 Eber-

378 3592 481 3647 hurdus
498 3593 590 3648 dictus
608 3594 704 3660 Hunc,
728 3594 890 3650 domicellus
909 3593 1105 3666 Eggbrechtus
1123 3593 1190 3657 Len,
1213 3592 1377 3648 domicellus
1397 3592 1565 3648 Wilhelmus
1585 3593 1617 3647 In
1637 3587 1729 3658 Turri,

379 3696 474 3734 omnes
493 3679 538 3734 hic
556 3679 667 3750 sepulti.
699 3680 779 3735 Frow
799 3683 900 3736 Annon
917 3698 973 3735 von
992 3680 1130 3746 Stoffclin,
1149 3697 1219 3736 uxor
1237 3679 1378 3735 Cuonrudi
1397 3679 1432 3733 de
1450 3678 1568 3734 Stotleln
1586 3678 1694 3733 milltis.

69 3773 111 3826 10.
181 3768 218 3822 Vl
237 3766 274 3821 id.
327 3766 431 3820 Jarczit
449 3766 579 3820 Aellinen
598 3766 647 3822 der
664 3767 826 3822 Kellerinen
844 3785 899 3822 von
919 3768 1076 3830 Yestetten‚
1094 3765 1218 3820 maximo
1236 3766 1327 3820 amica
1344 3767 1470 3820 Irntmm.

67 3861 112 3913 11.
193 3853 273 3909 Vid.
329 3853 510 3907 Berchtoldus
528 3853 620 3908 dictus
633 3853 785 3909 Wicchser.
816 3855 970 3910 Ketherine
988 3853 1129 3910 domicelli
1149 3853 1244 3924 Eglini
1262 3858 1316 3909 Am
1335 3851 1403 3908 sud
1423 3853 1525 3918 uxoris,
1543 3853 1590 3907 hic
1609 3853 1727 3922 sepulte.

69 3947 111 4000 12.
181 3942 219 3996 lV
237 3941 274 3995 id.
328 3939 508 4008 Margaretba
526 3939 708 4004 Ammnnnin,
733 3958 836 4011 magns
854 3942 945 3997 amica
962 3943 1092 4006 Imtrum,
1112 3941 1157 3996 hic
1176 3940 1294 4012 sepulta.
1327 3940 1490 3994 Hucrtlmns
1511 3939 1546 3994 dc
1564 3939 1728 4010 Scherpien·

379 4025 448 4096 berg
465 4025 545 4080 miles
563 4027 598 4081 de
617 4027 730 4081 Austris
749 4031 778 4081 et
795 4028 901 4084 amicus
920 4028 1033 4096 ordinis,
1052 4029 1098 4084 hic
1116 4028 1252 4098 sepultus.

69 4119 112 4173 14.
193 4115 218 4170 ll
237 4113 275 4169 id.
328 4115 410 4166 Anne
428 4112 462 4165 de
480 4112 599 4184 Iisdegg
618 4129 721 4185 magne
739 4114 830 4169 amice
848 4115 974 4170 fratrum.

68 4207 112 4260 15.
240 4200 277 4254 id.
330 4198 493 4270 Engelburg
510 4197 544 4253 de
564 4199 759 4271 Hattenberg.⁷
793 4202 900 4257 Junkcr
918 4201 995 4274 llglis
1014 4203 1148 4270 huenen,
1173 4201 1228 4256 den
1250 4218 1314 4256 men
1338 4205 1435 4272 nempt
1454 4199 1660 4264 Oestemn'cher,
1683 4199 1729 4253 hic

381 4285 515 4356 sepultus.

69 4379 112 4432 16.
140 4375 219 4429 XVll
237 4373 293 4429 kal.
329 4371 504 4442 Egberchtus
522 4374 676 4439 scultetus,
696 4375 744 4444 qui
763 4375 819 4429 fuit
836 4378 1000 4446 procurator
1017 4375 1148 4440 fratrum,
1168 4373 1213 4429 hio
1232 4375 1366 4445 sepultus.
1398 4373 1551 4428 Domicelln
1569 4372 1652 4438 Nece,
1671 4373 1730 4427 filie

384 4459 489 4514 Uolrici
507 4460 542 4514 de
561 4460 717 4526 Stettbuch,
737 4461 783 4516 hic
801 4463 920 4532 sepulto

69 4551 112 4605 17.
155 4549 219 4602 XVI
238 4548 294 4602 lml.
329 4546 431 4600 Jertnit
448 4547 516 4601 frov
536 4548 636 4601 Annon
653 4565 708 4603 von
726 4549 874 4619 Rossberg,
892 4549 993 4603 iunlser
1011 4549 1145 4603 Uolusans
1163 4546 1324 4615 'l'rsillereys
1342 4544 1426 4600 elichi
1444 4544 1590 4600 husirovv.⁸

69 4639 112 4693 18.
168 4635 219 4689 XV
237 4633 293 4688 ksl.
330 4633 509 4702 Margarelha
527 4634 560 4688 In
578 4632 658 4688 'I'urri
679 4652 749 4689 uxor
766 4635 912 4690 Wilhelini
930 4635 963 4688 lu
983 4634 1079 4700 anri,
1098 4634 1144 4688 hic
1162 4633 1282 4704 sepulta.
1313 4631 1363 4686 Ob.
1382 4633 1413 4686 Ir.
1431 4631 1585 4686 Fridiliuus
1602 4632 1729 4688 novicius

382 4737 455 4774 anno
475 4719 564 4790 [14]ὃῖ
586 4724 712 4790 tempore
736 4723 830 4792 pestis.
862 4723 905 4777 Fr.
924 4722 982 4776 loh.
1002 4721 1193 4790 Vaelschberg
1210 4720 1323 4776 scolaris
1342 4723 1371 4774 et
1389 4719 1474 4784 diac,
1500 4719 1549 4788 qui
1568 4718 1728 4789 submerge·

383 4806 466 4860 batur
483 4807 514 4860 in
533 4807 632 4862 Beruo.

67 4899 112 4952 20.
157 4893 226 4949 XIII
242 4891 297 4946 kal.
334 4892 384 4946 Ob.
402 4892 435 4947 fr.
454 4893 512 4948 Ioh.
530 4893 677 4949 Hiltbrsnt
695 4895 821 4949 novicius
839 4912 914 4950 enno
932 4896 1023 4965 [illul
1042 4899 1167 4966 tempore
1185 4894 1280 4965 pestis.

68 4985 112 5037 22.
182 4980 221 5034 XI
239 4980 295 5034 kal.
331 4979 381 5034 Ob.
400 4979 468 5033 irow
487 4979 616 5036 Elsbetht
634 4981 693 5036 und
706 4981 811 5051 junker
829 4983 906 5036 Heus
924 4999 975 5036 zuo
994 4980 1182 5052 Xngelbretht
1200 4985 1252 5036 tor.

69 5072 113 5125 23.
197 5067 310 5121 Χ1ει].’
332 5066 523 5120 Hartmannus
541 5067 576 5121 dc
595 5067 795 5137 Betmuringen
817 5083 878 5122 ceu.
900 5067 929 5120 in
948 5067 1048 5121 Riuow
1067 5067 1109 5122 ob.
1142 5067 1192 5123 Ob.
1211 5069 1243 5121 fr.
1262 5067 1399 5122 Iohannes
1420 5065 1587 5135 BuossInger
1603 5064 1729 5119 novicius

382 5169 457 5208 enno
475 5151 566 5223 [14167
584 5157 709 5224 tempore
728 5152 823 5223 pestis.

175 5331 200 5398 Ι)
218 5331 307 5382 Primo
324 5331 446 5398 scriplum
464 5340 521 5384 crat
538 5330 679 5384 Elioobells.

177 5453 199 5518 ι)
217 5449 327 5520 movit
354 5451 428 5518 116.
452 5451 504 5519 „ab
524 5451 572 5505 der
595 5450 689 5506 neem
711 5450 781 5505 Μ’
803 5447 932 5506 meum
1043 5450 1066 5518 v)
1086 5447 1197 5518 leaeo
1221 5447 1325 5516 ῡβΗ.
1430 5449 1453 5517 sl
1473 5446 1585 5516 Lenem
1609 5453 1641 5502 10
1656 5453 1673 5516 β
1691 5447 1729 5502 Η.

69 5538 217 5594 annuam
232 5536 343 5591 dondoo
448 5541 470 5604 sl
491 5539 536 5592 Pr.
557 5539 610 5605 „ab
628 5539 734 5592 1111111111
750 5538 802 5592 bus
819 5539 855 5604 ns
868 5536 926 5591 dm
941 5537 1063 5605 prauos
1170 5539 1192 5604 s)
1210 5533 1319 5604 Lquod
1339 5534 1433 5604 σβΗ.
1452 5534 1598 5589 cucumim
1615 5533 1728 5596 doridos

71 5630 94 5693 o)
114 5625 164 5681 Pr.
182 5625 234 5695 „nt
253 5623 310 5678 dem
331 5624 408 5678 lust
517 5629 539 5694 τ)
559 5624 638 5680 Dant
659 5625 780 5680 domm
799 5625 831 5679 de
847 5624 987 5696 Porodyso
1006 5631 1038 5677 10
1049 5631 1073 5692 β.
1179 5623 1202 5693 s)
1221 5621 1267 5676 Pr.
1285 5621 1339 5690 „ab
1355 5620 1402 5676 des
1421 5619 1535 5678 Frieocu
1551 5621 1618 5693 bus,
1643 5622 1673 5677 Io
1690 5639 1730 5678 cu

77 5711 220 5771 malm
237 5711 290 5768 Ass
310 5707 380 5766 suad
396 5708 473 5768 sust

1467 5805 1521 5864 61·
