4492 6444
417 1661 900 1758 NECROLOGIUM
932 1665 1671 1764 BENEDIOTOBURANUM.

321 1891 511 2002 Necroloyii
541 1921 726 1983 monasterii
753 1922 971 2003 antiquissimi
997 1922 1287 1987 Benedictobnrani
1316 1922 1475 2004 eaanpan
1498 1924 1642 2006 primurn
1672 1926 1772 1990 niedio
1800 1947 1874 1991 acoo

217 2025 389 2106 confectura
419 2045 483 2088 non
511 2029 556 2086 cst
584 2028 809 2088 conservatam.
866 2025 986 2090 Exstat
1014 2031 1139 2090 tantam
1167 2026 1303 2091 recensio
1331 2027 1419 2105 cias,¹
1449 2047 1544 2108 qaarn
1571 2027 1647 2108 fecit
1675 2050 1760 2094 anno
1789 2033 1874 2092 1681

218 2130 256 2194 Ρ.
280 2130 458 2194 Rhotanos
480 2127 774 2206 Hirscicteindtner,
802 2129 975 2194 monachas
1002 2130 1332 2208 Benedictobaranns,
1359 2131 1396 2194 in
1423 2151 1520 2211 qnanr
1548 2131 1650 2195 matta
1676 2135 1807 2198 nomina
1836 2155 1874 2198 ea

218 2236 349 2315 antiqrro
371 2232 424 2296 ilio
447 2231 618 2312 exemplari
640 2253 726 2296 nnnc
748 2232 844 2298 (tento
866 2240 990 2315 recepto
1012 2241 1101 2317 sant,
1132 2257 1274 2317 quaeqae
1296 2235 1387 2299 nodie
1409 2236 1445 2298 in
1467 2235 1626 2300 tabulario
1648 2240 1732 2320 reaia
1754 2239 1873 2303 Moria-

218 2339 302 2402 ccnsi
324 2337 405 2420 (coci.
428 2336 614 2400 chartaceus
635 2335 862 2422 soi.No.124)
884 2345 1075 2406 asservator.
1122 2340 1233 2403 Hains
1254 2340 1371 2403 codicis
1392 2341 1428 2403 In
1449 2339 1537 2420 sotiis
1561 2344 1698 2404 1-376
1719 2343 1873 2422 scriptam

218 2449 263 2506 est
284 2441 492 2522 necrolooiane
514 2462 613 2521 iisqne
635 2441 680 2504 ad
693 2441 789 2520 finem
803 2444 988 2507 ncanosterii
1003 2445 1232 2521 continentum,
1256 2444 1309 2507 eni
1331 2444 1428 2508 incisa
1447 2442 1648 2508 ecclesiaram
1670 2465 1742 2508 carn
1764 2466 1873 2522 inona-

216 2547 310 2611 storio
326 2545 619 2609 Baredictobnrano
641 2545 902 2625 confraternitate
923 2548 1166 2611 coniunctorum
1189 2546 1257 2629 (foi.
1273 2549 1465 2627 377-384)
1488 2552 1517 2611 et
1530 2547 1753 2612 marach-oanni
1775 2549 1874 2613 irains

217 2651 362 2727 coarmati,
385 2649 441 2730 qni
462 2649 611 2711 vicerant
632 2669 662 2711 a.
688 2651 923 2728 1441-1791,
946 2651 1079 2716 additas
1101 2657 1154 2715 ost.

292 2791 296 2800 ·
319 2754 374 2818 Ea
396 2753 499 2816 codem
520 2751 705 2833 neeroioyia
737 2775 776 2816 ea
798 2774 858 2833 qno
881 2753 1164 2818 Hirscicbcindtner
1185 2755 1316 2818 nomina
1338 2753 1434 2817 medii
1456 2755 1526 2818 aeoi
1548 2756 1764 2836 transcripsit,
1792 2755 1873 2820 aiter

216 2858 387 2923 monachas
410 2857 726 2921 Benedictobnronns
751 2857 875 2922 sacaria
900 2857 996 2923 XVI.
1021 2859 1245 2923 anniversaria
1266 2858 1416 2938 priornrn
1445 2863 1617 2939 temporam
1644 2861 1815 2940 canorosnit
1837 2862 1873 2924 in

216 2964 318 3026 codice
340 2962 503 3026 chartaceo
525 2959 618 3043 (Coei.
643 2961 715 3024 Lat.
739 2960 945 3025 Maraccensis
972 2960 1171 3053 bibliothecae
1197 2961 1301 3043 reyiac
1323 2961 1384 3026 No.
1409 2961 1503 3040 5037,
1526 2964 1574 3046 4⁰)
1600 2961 1655 3042 sot.
1677 2964 1870 3027 329-344.

319 3066 421 3130 Notae
449 3063 657 3145 neaonyieae
686 3085 818 3144 sparsae
847 3066 1056 3129 inveniantur
1077 3066 1113 3129 in
1138 3085 1172 3130 eo
1194 3064 1309 3141 codice,
1341 3085 1379 3128 erc
1407 3085 1469 3145 qao
1491 3065 1541 3128 air
1563 3064 1761 3130 clarissimas
1783 3065 1874 3146 Jaffe

215 3170 347 3234 annales
362 3169 670 3234 Bareciictabaranos
687 3167 734 3251 (S.
751 3167 782 3234 S.
802 3169 917 3246 XVII,
941 3171 1005 3233 319
1019 3171 1100 3254 sqq.)
1121 3170 1229 3247 estitit,
1253 3190 1334 3250 qaae
1356 3169 1463 3232 orariia
1488 3170 1624 3250 exceptis
1645 3170 1748 3234 tribas
1769 3171 1871 3234 nomi-

215 3275 309 3340 minis
337 3295 422 3338 anno
449 3275 535 3337 1152
564 3273 719 3353 appositis
751 3273 790 3338 ab
817 3273 988 3338 Adalbcrto
1019 3274 1169 3338 morracio
1200 3278 1229 3338 et
1250 3274 1431 3356 presbytero
1460 3272 1755 3338 Bawdictobarano
1784 3294 1869 3338 anno

217 3382 301 3441 1147
321 3379 456 3457 scriptae
478 3382 563 3440 sant.

319 3482 391 3546 Has
412 3487 505 3545 notas
526 3478 734 3562 necroioyieas
749 3479 918 3544 Adalberti
939 3480 990 3544 ieie
1012 3480 1126 3545 titteris
1147 3481 1331 3560 maioribus,
1353 3482 1484 3546 nomina
1506 3501 1591 3544 anno
1607 3479 1871 3562 1152aoscn‘1aa

217 3567 329 3649 titteris
351 3585 450 3649 nens
472 3584 634 3664 cassias
655 3583 749 3659 teser,
772 3583 903 3646 romine
928 3582 1095 3664 aaronis
1117 3604 1138 3647 a
1162 3584 1200 3648 P.
1225 3584 1381 3649 ennon
1405 3583 1688 3648 Hirscnoaaaer
1710 3586 1873 3664 nonomen

216 3696 245 3754 et
266 3711 287 3752 a
309 3712 356 3753 rna
373 3690 404 3753 A
420 3689 608 3769 rirrncicpati,
631 3709 712 3768 qnae
727 3687 854 3768 quidem
875 3709 914 3750 ea
928 3689 1028 3752 raclio
1051 3708 1125 3753 aevo
1140 3689 1279 3754 oriunda
1302 3710 1366 3753 esse
1387 3694 1507 3752 certain
1528 3693 1583 3765 cst,
1607 3687 1721 3750 titteris
1736 3688 1872 3750 minatis

216 3800 244 3858 et
265 3795 487 3858 anniversaria
509 3793 625 3857 codicis
646 3791 765 3855 saccati
789 3791 882 3856 XVI
898 3790 963 3874 (B)
985 3791 1099 3856 litteris
1121 3793 1254 3857 minatis
1276 3791 1376 3855 tritius
1398 3792 1561 3872 dispositis
1581 3791 1698 3856 notari.

903 4055 1180 4132 IANUARIUS.

232 4194 257 4250 3.
322 4193 363 4248 III
381 4210 446 4248 non.
474 4191 620 4247 Heinricus
639 4190 702 4246 abb.
721 4189 755 4246 de
774 4191 859 4245 Etnl.

232 4283 257 4337 4.
337 4281 364 4335 II
383 4299 447 4335 non.
475 4278 563 4334 Gisila
580 4297 608 4332 n.
627 4296 650 4333 e.
669 4277 807 4332 monialis.
846 4276 1017 4346 Pangracius
1035 4277 1099 4333 abb.
1118 4277 1151 4330 do
1172 4276 1287 4330 Metten.

234 4373 258 4424 5.
380 4384 445 4420 non.
473 4365 589 4420 Iacobus
609 4365 672 4419 abb.
691 4365 726 4418 de
744 4364 976 4433 Michaslsbeyrn.

233 4457 257 4510 8.
327 4453 366 4507 VI
385 4453 420 4506 id.
474 4451 616 4508 Canradus
636 4451 700 4505 abb.
718 4451 801 4505 huius
819 4451 881 4508 laci.

234 4544 258 4594 9.
340 4538 420 4594 Vid.
475 4538 592 4592 Ioannes
611 4537 675 4592 abb.
694 4537 719 4592 S.
739 4539 871 4594 Udalrici.

218 4630 257 4682 11.
323 4627 364 4680 III
383 4626 421 4680 id.
475 4625 627 4694 Ortolphus
646 4624 710 4679 abb.
728 4625 811 4680 huius
831 4628 893 4683 loci.

216 4715 257 4768 12.
338 4713 363 4766 II
381 4712 419 4767 id.
472 4713 613 4781 Ruperius
631 4711 708 4782 prior
724 4731 751 4766 n.
770 4731 792 4767 c.

218 4803 258 4856 15.
271 4799 364 4854 XVIII
383 4798 439 4852 kal.
475 4799 558 4852 Ann.
577 4799 808 4854 Udalschalki
828 4800 868 4856 de
887 4800 1068 4870 Heylprun
1086 4800 1115 4854 Ii.

217 4887 257 4941 16.
283 4885 362 4939 XVII
381 4885 435 4939 kal.
472 4885 614 4940 Williebis
634 4886 764 4941 monialis
783 4906 809 4941 n.
829 4905 851 4943 c.

217 4974 257 5028 17.
298 4971 363 5026 XVI
381 4971 436 5025 kal.
472 4972 609 5042 Caspams
627 4972 692 5027 abb.
711 4972 741 5026 in
760 4973 924 5044 Tegernsee.

214 5059 256 5113 21.
310 5059 363 5112 XII
381 5057 437 5112 kal.
473 5059 626 5128 Gospertus
645 5060 708 5114 abb.
727 5060 762 5114 de
781 5061 946 5130 Tegernsee.
983 5060 1122 5114 Martinus
1140 5057 1203 5113 abb.
1222 5057 1384 5112 monasterii
1404 5057 1474 5113 Ant.

214 5147 256 5200 22.
324 5145 364 5198 XI
381 5145 436 5200 kat
472 5145 636 5200 Adelhaidis
656 5157 705 5201 ev*
723 5165 751 5202 n.
769 5165 792 5202 c.

214 5233 257 5286 23.
336 5231 434 5286 Xkal.
471 5235 564 5302 Agnes
582 5232 716 5287 monialis
735 5251 761 5287 n.
781 5251 803 5288 c.

214 5319 256 5372 24.
320 5318 359 5371 IX
378 5318 433 5373 kal.
469 5317 611 5373 Conradus
630 5318 694 5374 abb.
713 5319 747 5374 de
766 5320 937 5390 Tegernsee.
1008 5311 1009 5315 ’

214 5406 257 5459 26.
295 5405 362 5458 VIII
379 5404 436 5458 kal.
472 5405 576 5458 Bertha
594 5406 725 5460 monialis
743 5425 771 5462 n.
790 5424 812 5462 a.

215 5493 257 5546 28.
337 5491 435 5547 vkal.
472 5491 601 5546 Siboldus
621 5493 684 5548 abb.
703 5494 787 5549 huius
806 5494 896 5561 Iocis)
934 5493 1051 5550 Ioannes
1071 5495 1252 5566 dignissimus
1270 5493 1333 5548 abb.
1347 5495 1499 5563 Augustae.

318 5739 344 5802 ⁸)
363 5737 485 5790 aetnam
503 5740 768 5795 chdictobnrannm
787 5743 863 5794 Ianira
880 5743 991 5793 nominis
1008 5761 1062 5793 non
1080 5743 1194 5806 invenia3
1211 5759 1263 5793 non
1281 5741 1376 5802 dubita,
1394 5741 1456 5806 occia
1468 5738 1649 5803 carriocndnm
1661 5739 1707 5790 sit:
1729 5741 1868 5793 Raboldus.

1629 5833 1663 5885 l*
