4314 6420
423 389 486 450 516
972 379 1239 438 NECIIOLOGIUII
1256 377 1524 438 SEEDOIIFIINSE.

422 559 464 613 18.
505 557 571 612 XIV
588 556 644 611 hal.
679 554 769 608 Fritla
786 571 850 609 uon
869 554 963 608 Hnseu
982 555 1026 609 ob.
1057 554 1178 610 Domina
1195 555 1313 610 Hemma
1331 555 1366 610 de
1384 555 1502 626 Brrlgtal
1520 555 1564 611 ob.

421 645 463 698 19.
504 643 570 698 XIII
589 643 645 698 hal.
680 640 738 695 Sor.
758 639 875 694 [lemma
892 639 928 694 de
945 639 1051 695 Sedorl'.
1081 640 1212 695 Meohtilt
1229 641 1274 697 ob.
1303 641 1358 696 Cr·
1375 641 1517 696 Rioheuza
1535 643 1579 696 An
1597 641 1660 696 dem
1677 642 1791 698 Grande
1810 643 1845 699 de
1858 643 1993 704 Itibshueeu
2006 654 2037 707 ob.

420 731 463 784 20.
519 730 571 784 XII
589 730 645 785 lral.
681 729 736 783 Or·
753 728 895 783 Itioheuaa
913 727 947 782 ds
966 727 1182 798 Geaingenrieth
1200 728 1337 783 heremita
1355 729 1400 783 ob.

420 817 462 871 22.
544 815 644 870 Xlral.
679 815 789 870 Uotoha
807 831 859 870 sor.
872 813 1001 868 exterior.
1031 812 1094 866 Uol.
1107 812 1247 868 Ioculator
1262 812 1306 868 ob.
1336 813 1499 869 Meohtihilt
1510 814 1594 884 Apud
1606 815 1707 885 Itipam
1720 816 1756 871 de
1768 817 1869 873 Sedori
1877 820 1918 875 ob.
1945 822 2043 878 Bruodtr

731 900 894 955 Giuuther.*

419 989 462 1044 23.
531 989 568 1042 IX
587 987 644 1043 lral.
681 985 731 1042 Ob.
750 983 914 1055 Egeloulfus
932 985 967 1040 de
985 985 1199 1054 Atingenhusen
1217 984 1309 1041 dictus
1326 987 1362 1041 de
1381 987 1560 1058 Sweinsperc.
1592 986 1642 1042 Oh.
1661 988 1838 1045 Barchardne
1857 994 1885 1045 et
1901 992 2049 1050 llurchsrdue

731 1072 783 1136 ob„
801 1071 852 1126 Ida
870 1070 913 1126 ob.
933 1074 962 1125 et
974 1071 1134 1126 Meehtildie
1152 1071 1196 1126 oh.
1215 1071 1250 1126 de
1263 1072 1373 1127 Golzur.
1404 1072 1471 1128 Otto
1490 1073 1534 1127 ob.
1553 1075 1582 1128 et
1600 1091 1670 1128 uxor
1686 1075 1746 1130 eius
1758 1077 1804 1131 Ita
1815 1077 1859 1133 ob.
1888 1078 1942 1134 Sor.
1954 1081 2055 1136 aemma

732 1161 775 1212 An
787 1158 836 1212 der
845 1159 957 1214 Gazznn
969 1158 1028 1212 oh*
1051 1157 1169 1212 Hemina
1181 1159 1215 1214 de
1226 1159 1433 1230 Dauomtingeu
1447 1161 1491 1216 ob.
1513 1161 1660 1215 Werherus
1672 1161 1716 1216 ob.
1739 1163 1876 1234 Magister
1884 1166 2056 1223 Burcohardus

730 1248 819 1299 hume
837 1244 951 1299 Grande
969 1243 1013 1298 ob.
1043 1244 1159 1299 Chuono
1177 1244 1221 1300 ob.
1241 1250 1270 1300 et
1287 1261 1357 1300 uxor
1374 1245 1434 1300 eius
1451 1245 1592 1301 Wilmuot
1610 1247 1654 1301 ob.

455 1377 461 1390 .
500 1335 568 1390 VIII
586 1334 642 1390 lral.
679 1331 730 1387 Ob.
749 1330 896 1385 Heinricus
914 1330 949 1384 de
968 1330 1196 1401 Danoretiu[geu]
1216 1335 1245 1384 et
1262 1332 1422 1386 Mechtildis
1439 1332 1498 1386 filia
1515 1349 1575 1387 sua.
1607 1333 1746 1389 Iticheuaa
1763 1335 1808 1391 ob.

456 1465 462 1478 .
515 1422 569 1477 VII
586 1422 642 1477 lral.
678 1417 810 1474 Albertus
822 1415 858 1470 ab
871 1417 960 1486 Berge
979 1417 1023 1470 ob.
1054 1417 1209 1471 Wemhere
1226 1435 1289 1473 wou
1302 1418 1404 1473 Huseu.
1435 1417 1547 1488 Egelolt'
1559 1419 1603 1473 ob.
1634 1420 1689 1475 ὒν·
1700 1421 1819 1476 flamma
1831 1424 1875 1477 An
1886 1424 1947 1479 dem
1958 1427 2064 1482 Gruude

807 1503 871 1556 ibh
921 1521 940 1555 n
958 1503 1002 1556 ob.

455 1636 461 1650 .
529 1595 568 1650 Vl
586 1595 642 1649 hal.
678 1504 806 1647 Uoliieerg
833 1520 1085 1646 inisefluonoberc
1109 1592 1141 1644 Ir.
1165 1592 1286 1646 exterior
1309 1592 1354 1646 ob.
1392 1593 1450 1648 Sor.
1472 1594 1517 1649 lta
1540 1611 1597 1648 von
1622 1594 1762 1649 Toeurlon
1787 1596 1864 1652 diota
1888 1598 2064 1656 Murmeunin.

729 1679 773 1732 lta
790 1677 823 1730 Iu
841 1677 904 1731 dem
925 1676 1071 1730 Winohele
1090 1676 1133 1731 ob.
1165 1678 1207 1731 Fr.
1227 1678 1375 1734 Heinrious
1392 1679 1426 1734 de
1445 1679 1564 1734 Clarona
1583 1680 1643 1734 ob!

455 1809 461 1821 .
541 1768 641 1822 Vlral.
678 1764 817 1820 Richeura
835 1781 905 1819 uxor
924 1763 1076 1818 Burchardi
1095 1764 1130 1818 de
1148 1765 1218 1819 Dorl
1233 1765 1277 1822 ob.
1308 1766 1360 1820 I'ro
1373 1766 1512 1830 hdelheit
1531 1784 1602 1820 uxor
1619 1768 1911 1826 horRiohwisZwioh
1929 1772 1972 1827 ob.
1999 1773 2064 1828 Cou-

730 1851 813 1906 radus
831 1851 960 1921 Megerus
979 1851 1009 1905 in
1029 1851 1164 1906 Oersvelt.

454 1991 460 2003 .
532 1949 569 2003 IV
588 1949 644 2004 kal.
680 1938 863 2004 Ruodollus
886 1945 920 2002 et
942 1959 1026 2002 uxor
1042 1940 1112 2003 eius
1128 1940 1270 2005 Hemma
1286 1941 1339 2005 ob.
1378 1956 1435 2011 Sor.
1449 1957 1628 2012 mechthildis
1642 1958 1678 2013 de
1690 1958 1783 2013 Stans.
1813 1961 1960 2018 Heinrious
1972 1964 2064 2018 nobilis

729 2044 764 2098 de
783 2043 999 2114 Atiugeuhusen
1017 2043 1061 2097 ob.

437 2167 461 2185 ..
528 2130 568 2185 IlI
586 2130 643 2186 lral.
678 2131 736 2185 Sor.
755 2132 875 2186 Hemina
893 2129 928 2184 de
947 2128 1091 2200 eringen
1110 2131 1170 2185 ob!

454 2256 460 2268 .
542 2217 567 2271 II
585 2218 641 2272 lral.
678 2217 815 2272 Valthher
832 2234 888 2272 von
907 2216 1023 2282 Samon,
1041 2217 1091 2271 der
1109 2234 1229 2282 amman,
1248 2219 1290 2272 An
1310 2219 1360 2272 der
1372 2219 1490 2290 Bruoga.
1521 2220 1550 2275 0.
1568 2220 1642 2275 filim
1660 2220 1730 2276 dieti
1744 2221 1914 2278 Marohwart
1931 2223 2071 2280 deSedorl

728 2304 771 2359 ob.
805 2304 956 2372 (Bernhart
979 2321 1034 2358 von
1052 2303 1213 2374 linguonis,
1238 2305 1335 2376 brittig
1356 2323 1412 2361 von
1431 2307 1552 2378 Friburg
1575 2308 1618 2363 uls
1636 2308 1774 2378 Brisgow‚
1799 2309 1857 2363 und
1875 2309 1997 2366 Gnourat
2017 2329 2068 2366 von

728 2391 886 2461 linguonis,
910 2391 954 2445 sin
978 2395 1085 2456 vatter,
1111 2391 1168 2446 und
1188 2392 1231 2446 siu
1249 2395 1360 2448 muoter
1378 2393 1435 2447 und
1454 2395 1591 2450 Bernhart
1608 2395 1666 2448 und
1684 2396 1841 2451 Katherina
1858 2397 1915 2451 und
1934 2399 2069 2468 Margreta

727 2494 783 2532 von
801 2478 956 2546 Hagnouw,
974 2478 1029 2532 sini
1047 2477 1111 2531 Irint
1130 2479 1187 2532 und
1207 2479 1250 2533 sin
1268 2479 1402 2534 vorderen
1421 2481 1480 2535 und
1499 2481 1763 2549 naohlromenden.¹)

1164 2655 1325 2731 MAIUS.

583 2791 639 2846 lral.
675 2787 803 2844 Uolrious
821 2789 856 2842 de
875 2787 960 2858 Agrei
979 2786 1023 2842 ob.
1054 2787 1104 2842 Ob.
1123 2787 1241 2842 Hemma
1259 2806 1329 2843 uxor
1346 2787 1475 2844 Ruodolll
1493 2788 1530 2844 ab
1548 2789 1669 2844 Mattou.
1699 2788 1751 2844 Ob.
1764 2789 1910 2845 Cumadus
1930 2793 1965 2847 ab
1979 2793 2069 2847 Iuenn-

727 2875 799 2930 bero.
832 2874 927 2929 'Philia
945 2874 989 2928 ob.
1020 2874 1071 2929 Ob.
1090 2874 1226 2944 magister
1243 2875 1398 2929 Bertoldus.
1429 2875 1564 2930 Dominus
1583 2875 1651 2930 Otto
1670 2875 1705 2930 de
1723 2875 1927 2933 Gesaohenden.

452 3007 458 3019 .
527 2965 564 3019 Vl
583 2982 648 3018 non.
676 2961 726 3016 Ob.
746 2979 799 3017 sor.
817 2961 943 3016 Uoteoha
962 2960 1005 3015 hd
1024 2961 1134 3030 Itipam.
1169 2960 1214 3014 lta
1236 2960 1271 3014 de
1290 2959 1488 3015 Nidrenhoven
1512 2961 1555 3015 ob.
1590 2961 1715 3016 cuonrat
1732 2962 1767 3016 de
1786 2962 1933 3033 Uociugen
1951 2964 1993 3019 ob.
2023 2965 2069 3019 Ob.

726 3047 886 3103 Meehtildis
905 3046 1051 3102 Vasebabe.
1083 3047 1220 3102 Woruher
1238 3063 1301 3102 wou
1320 3047 1460 3102 Obmatou
1478 3047 1522 3102 ob.
1553 3047 1685 3102 albertus
1702 3065 1758 3102 voa
1778 3049 1933 3104 Obmattou
1951 3051 1994 3106 ob.

453 3180 457 3190 .
542 3136 649 3191 Vnon.
677 3135 793 3190 chuono
815 3133 851 3186 ab
874 3132 980 3187 Ousteu
1003 3132 1046 3190 ob.
1076 3133 1240 3188 Waltherus
1264 3137 1345 3203 pater
1366 3133 1462 3188 fratris
1481 3133 1619 3188 Waltherl
1632 3177 1638 3189 .
1653 3175 1679 3189 ..
1709 3134 1853 3190 Riohenaa
1875 3137 1908 3191 Iu
1932 3137 2014 3191 Curia
2029 3137 2069 3192 ob.

728 3219 864 3290 Magister
881 3219 1029 3274 Heinricus
1052 3219 1087 3274 de
1111 3220 1192 3274 Nova
1210 3220 1306 3276 Domo.
1337 3220 1439 3274 Amolt
1461 3221 1493 3274 fr.
1518 3220 1640 3276 exterior
1661 3220 1705 3276 ob.
1735 3220 1888 3276 Valtharns
1911 3223 1947 3276 ab
1966 3223 2069 3278 Mattou

728 3309 772 3364 ob.
791 3311 820 3363 et
837 3323 907 3362 uxor
925 3306 985 3361 eius
997 3307 1124 3362 flemma.
1155 3308 1302 3363 Dedioatio
1320 3308 1402 3362 istius
1421 3307 1549 3364 ecclesie:
1568 3306 1747 3378 indulgentie
1764 3308 1816 3363 heo
1835 3312 1879 3362 est
1893 3326 1911 3362 a
1924 3309 2071 3364 venerabili

727 3393 854 3460 domiuo,
872 3393 958 3448 fratre
976 3393 1101 3448 Iohanne
1119 3393 1225 3448 ordinis
1244 3394 1471 3460 'Ieotunieorum‚
1490 3394 1549 3448 dies
1571 3395 1618 3460 40,
1637 3411 1655 3448 a
1672 3393 1828 3448 venerabili
1848 3394 1962 3450 domiuo
1980 3397 2009 3450 E.
2027 3395 2070 3449 dei

726 3480 820 3552 gratia
837 3491 887 3550 ep0
907 3479 1127 3544 constantiensi,
1146 3480 1196 3549 qui
1214 3480 1360 3535 eeclesiam
1378 3481 1551 3535 consecravit
1569 3480 1598 3534 iu
1616 3481 1722 3534 honore
1739 3480 1823 3535 beate
1843 3481 1932 3535 Maria
1950 3483 2073 3552 virginis,

727 3587 747 3621 s.
767 3566 865 3621 Lazari
891 3568 920 3620 et
942 3584 962 3620 a.
981 3566 1126 3622 Laurentii
1148 3567 1285 3632 martiris,
1310 3567 1370 3622 dies
1393 3569 1428 3624 60
1450 3584 1500 3637 per
1522 3571 1664 3634 octavam,
1688 3567 1838 3623 adomiuo
1858 3569 2006 3623 Bouelaoio
2023 3581 2074 3639 ep⁰

726 3653 786 3708 dies
804 3654 839 3708 40
857 3651 1005 3707 criminum
1024 3656 1161 3708 stannus
1178 3653 1332 3708 venialium
1350 3671 1400 3723 per
1418 3657 1554 3710 oetavam.

432 3753 458 3805 4.
527 3749 648 3806 ivnon.
676 3741 860 3806 Iruitfridus
884 3745 918 3806 et
940 3761 1025 3806 uxor
1048 3741 1118 3805 elus
1143 3741 1238 3827 Gepa
1261 3741 1312 3806 ob.
1353 3757 1453 3812 Beroia
1471 3757 1516 3813 ob.
1546 3756 1696 3811 Meehthilt
1713 3758 1758 3811 An
1777 3757 1841 3812 deur
1860 3759 1973 3814 Grande
1992 3759 2032 3813 oh.

433 3850 457 3902 5.
526 3847 566 3900 III
584 3864 648 3901 uou.
676 3845 806 3899 Walther
823 3842 953 3898 minister
971 3842 1005 3896 de
1024 3842 1110 3897 Same
1129 3842 1173 3898 ob.
1392 3862 1394 3865 ·

433 3935 458 3987 6.
539 3932 567 3986 11
584 3950 648 3988 non.
676 3931 734 3987 Sor.
754 3932 871 3986 Hemma
889 3931 924 3984 da
942 3929 1030 3983 Riede
1048 3928 1092 3984 ob.
1123 3928 1176 3983 Oh:
1193 3930 1315 3984 Barkart
1332 3929 1369 3983 ab
1388 3930 1497 3986 Oesten.
1529 3929 1643 3984 Chuono
1662 3929 1802 4000 Sohilling
1819 3930 1866 3986 ob.

434 4018 458 4074 I.
585 4035 651 4073 non.
679 4018 737 4073 Sor.
757 4015 896 4072 Mectildis
914 4015 959 4072 ob.

432 4107 457 4160 8.
502 4105 566 4160 VIII
585 4105 623 4159 id.
679 4104 827 4160 Werherus
845 4120 901 4159 vau
916 4105 1025 4159 Bruoha
1041 4103 1081 4158 Uf
1095 4103 1237 4158 derldura
1255 4103 1313 4159 ob.²
1343 4104 1386 4157 Fr.
1399 4102 1582 4159 Chuouradus
1594 4105 1689 4158 nostre
1704 4103 1803 4156 domus
1815 4103 1852 4157 de
1864 4103 2079 4159 Souueubuooh.

726 4191 784 4246 Sor.
803 4190 970 4246 Rilruoueha
988 4193 1082 4245 nostre
1100 4189 1198 4244 domus
1216 4190 1251 4244 de
1268 4190 1453 4245 IIuoahtatal.
1483 4189 1673 4245 chuonradus.
1705 4189 1834 4244 Uolrlcus
1854 4190 1899 4246 ob.

433 4288 460 4341 9.
515 4285 567 4340 VII
585 4285 622 4340 id.
675 4279 820 4345 Berohta
850 4278 946 4345 Obeu
977 4279 1063 4343 inme
1087 4277 1173 4342 Dorf
1199 4299 1261 4343 von
1288 4277 1422 4343 Altdorf
1449 4278 1501 4343 ob.
1538 4293 1596 4348 Sor.
1621 4292 1763 4347 Rlohenza
1791 4293 1825 4347 de
1851 4294 1990 4349 Buooholr
2015 4293 2079 4347 oh*

726 4380 910 4435 chuonradus
929 4381 963 4436 de
981 4381 1120 4436 Zizenlren
1138 4380 1182 4435 ob.

417 4477 456 4530 10.
527 4474 566 4529 Vl
585 4473 623 4529 id.
675 4467 839 4533 Iohannes
864 4477 898 4534 et
918 4468 1022 4533 frater
1045 4489 1124 4534 suus
1148 4467 1355 4533 Wernherus
1378 4468 1429 4534 ob.
1466 4482 1605 4538 Amoldus
1624 4482 1658 4536 de
1678 4482 1768 4537 Bsohe
1786 4483 1831 4538 ob.
1865 4484 1916 4539 Ob.
1935 4484 2074 4540 Riohenra

417 4659 457 4712 ll.
539 4656 621 4709 vid.
674 4569 948 4710 sorfifflnlzlsssgzilig
964 4655 1037 4710 fabri
1056 4657 1204 4712 deSedorf
1219 4657 1317 4711 domus
1337 4659 1430 4712 nostre
1448 4657 1491 4712 ob.
1522 4656 1659 4726 Hedvigis
1678 4656 1712 4710 de
1724 4657 1837 4728 Horgen
1858 4658 1903 4713 ob.
1937 4658 2069 4713 lliahenza

365 4793 367 4798 Ι
417 4829 458 4883 13.
525 4828 565 4882 III
584 4828 622 4882 id.
676 4742 1007 4886 Heriirineijelzringgrilrloirl).
1042 4831 1105 4885 Ueli
1128 4831 1265 4885 Hartman
1289 4833 1319 4884 et
1343 4827 1524 4884 Maehthildis
1543 4828 1710 4888 Staonzildis
1734 4829 1791 4892 ola,
1818 4830 1875 4884 iata
1894 4828 2063 4885 Maelrthildis

725 4915 834 4986 legavit
852 4915 971 4986 singulis
989 4916 1071 4970 aunis
1088 4917 1151 4986 405,
1170 4918 1369 4986 postmortem
1388 4914 1532 4970 meliorem
1549 4914 1691 4968 vestitum.

416 5002 457 5055 15.
583 5001 621 5056 id.
675 5005 719 5058 Fr.
738 5004 805 5058 Otto
824 5002 885 5072 pbr.
904 5001 948 5057 ob.
967 5002 1048 5056 istius
1066 5002 1180 5058 ordinis.
1216 5002 1354 5056 llrnoldus
1374 5002 1408 5056 de
1427 5001 1594 5069 Bnochols⁸)
1613 5001 1657 5056 ob.
1688 5000 1821 5055 Adelheit
1839 5001 1875 5055 de
1893 5001 2008 5056 Stannes
2024 4998 2058 5052 ob.

416 5090 456 5143 16,
484 5088 563 5143 XVII
581 5089 637 5143 kal.
673 5087 790 5144 Mahtilt
808 5088 852 5143 ob.
883 5088 1029 5142 Willebirc
1048 5088 1091 5143 ob.
1120 5088 1271 5143 Meehthilt
1288 5088 1324 5142 ah
1342 5087 1496 5142 Ilatta-ob.
1527 5087 1571 5141 Ita
1588 5105 1643 5142 von
1662 5087 1777 5142 Iliedeu.

520 5301 543 5364 ὓ)
563 5299 623 5351 Hoc
640 5317 733 5352 nomen
750 5317 831 5352 maan
849 5300 986 5352 recentiori
1002 5307 1151 5351 renovatam
1169 5305 1212 5350 eet.

519 5438 542 5504 ι)
562 5434 643 5487 lauta
665 5434 735 5488 huno
758 5441 852 5488 aotam
877 5434 979 5504 depicta
1000 5439 1067 5488 suat
1085 5435 1168 5488 colore
1184 5433 1267 5488 arbro
1283 5432 1417 5488 iaoondile
1432 5449 1510 5487 orma
1527 5432 1609 5488 liras
1623 5434 1707 5503 gratia
1724 5435 1767 5501 (la
1783 5433 1868 5488 matio
1885 5435 1961 5503 clipei
1973 5429 2056 5503 patiti

415 5523 496 5589 roeo).
515 5551 547 5560 -
566 5520 640 5574 Nota
657 5526 712 5576 ata
730 5522 819 5576 emera
836 5540 921 5576 amaa
939 5524 1034 5576 imam
1048 5521 1102 5575 diei
1113 5529 1155 5575 20.
1168 5521 1286 5588 Aaffiaeti
1298 5520 1434 5588 maampta
1446 5527 1491 5574 eat.
1595 5524 1617 5586 a)
1636 5521 1770 5589 διήμωη
1782 5527 1840 5575 erat
1848 5523 1936 5590 prime
1948 5530 1970 5576 9.
1984 5517 2056 5573 Maii:

422 5606 587 5661 Werherus
615 5607 659 5673 us
675 5607 729 5661 cler·
754 5609 854 5663 Maro
876 5609 931 5675 soa
950 5609 1084 5677 Bragga
1106 5613 1133 5662 et
1152 5607 1287 5662 amena
1310 5621 1381 5660 auor·
1400 5623 1466 5673 aaa,
1491 5605 1618 5660 &deant
1640 5609 1784 5662 uanitatem
1808 5611 1857 5678 σι)
1879 5607 1911 5660 de
1925 5607 1994 5661 aoso
2012 5617 2055 5657 rm

416 5693 571 5766 Melboame,
589 5695 667 5748 aetra
684 5700 764 5749 notae
780 5695 856 5749 rerba
874 5697 956 5750 latiae
973 5695 1101 5768 disposita
1114 5699 1206 5765 pudeo
1224 5710 1303 5749 maso
1319 5699 1391 5750 mre.
