4306 6434
209 403 346 460 FRAGM.
365 402 516 460 NEOBOL.
535 403 584 460 ΕΤ
603 403 772 460 ANNALES
790 403 944 460 NBOROL.
962 404 1121 462 MONAST.
1140 405 1166 460 S.
1185 404 1302 460 BLASII
1320 405 1360 460 IN
1378 404 1495 460 aleas
1513 402 1628 460 SILVA.
1683 407 1740 470 331

196 580 277 635 Anno
289 578 395 633 domini
409 579 483 641 1374,
501 577 565 632 XIV
576 577 710 631 kalendas
722 577 876 643 Februarii,
897 577 940 632 ob.
954 577 985 632 11.
998 579 1116 632 Ioannes
1129 579 1217 632 Rasor
1228 597 1265 631 m.
1277 578 1473 632 monasteriis.
1486 576 1581 630 Blasii.
1612 576 1635 628 V
1649 577 1745 630 kalen-

92 671 142 724 das
160 665 329 738 Septembris
351 665 395 720 ob.
418 666 535 720 Ioannes
553 665 708 732 llamsperg
726 681 779 718 sac.
799 667 828 718 et
847 683 881 719 m.
899 664 926 718 S.
946 664 1047 728 Blasii,
1070 665 1143 733 pleb.
1164 665 1193 718 in
1213 665 1335 720 Totmos.
1370 664 1409 718 IV
1428 663 1490 716 idus
1510 663 1681 733 Septembris
1700 664 1743 718 ob.

92 755 236 824 Kdngund
253 753 330 806 dicta
347 752 457 816 Boetia,
476 750 606 806 monialis
625 751 655 804 in
673 751 840 805 Sicenkilch.
876 751 903 805 II
921 750 1054 804 kalendas
1073 751 1200 806 Octobris
1218 751 1262 806 ob.
1281 752 1418 805 Iohannes
1437 750 1572 804 Kanczler
1588 767 1643 804 sac.
1662 754 1691 804 et
1708 769 1744 805 m.

92 843 119 896 S.
138 841 224 896 Blasii
247 840 277 893 in
295 839 474 893 Schoenonw.
515 839 552 892 IX
572 837 706 891 kalendae
724 837 889 892 Novembris
912 837 956 892 ob.
978 838 1115 892 Iohannes
1135 838 1193 892 Wil
1212 855 1266 891 sae.
1285 841 1314 892 11
1331 856 1366 891 m.
1385 837 1412 892 S.
1433 837 1519 892 Blasii
1538 837 1566 890 in
1586 837 1746 892 Schoenon.

92 930 159 984 XIII
184 926 317 982 kalendas
340 925 499 980 Decembris
521 924 565 978 ob.
589 925 747 994 Margareta
771 925 805 978 de
818 925 900 978 Werr
926 925 1055 978 monialis
1079 925 1105 979 S.
1124 925 1223 986 Blasii,
1253 925 1385 994 priorissa
1409 925 1438 978 in
1461 923 1628 979 Sicenkilch.
1665 925 1745 979 Noae

93 1013 251 1070 Decembris
269 1012 313 1067 ob.
332 1011 476 1065 Elisabeth
494 1011 676 1082 Hdrlingerin
694 1012 824 1066 monialis
843 1012 869 1066 S.
887 1011 982 1076 Blasii,
1001 1011 1132 1081 priorissa
1150 1011 1180 1064 in
1199 1012 1324 1066 Bcrouw.

197 1104 276 1155 Anno
293 1097 399 1152 domini
419 1099 501 1162 1375,
517 1099 556 1153 VI
572 1098 635 1152 idus
656 1098 788 1167 Augusti,
814 1097 857 1152 ob.
876 1098 1057 1174 Cbuonradus
1075 1098 1229 1168 Wehinger
1247 1115 1301 1154 sac.
1321 1101 1351 1152 et
1371 1115 1407 1152 m.
1426 1097 1454 1150 S.
1467 1097 1553 1151 Blasii
1572 1097 1602 1151 in
1621 1099 1745 1153 Berouw.

93 1191 118 1244 V
137 1188 199 1242 idus
217 1183 351 1248 Octobris,
369 1184 413 1238 ob.
431 1184 567 1238 Iohannes
586 1183 707 1238 Hemerli
726 1202 780 1238 sac.
799 1187 828 1238 et
846 1203 882 1240 m.
902 1185 928 1240 S.
948 1185 1043 1248 Blasii,
1061 1188 1153 1238 custos
1173 1185 1203 1238 in
1221 1184 1425 1240 Ochsenhusen.

198 1273 278 1327 Anno
297 1271 402 1325 domini
423 1271 498 1336 1376,
516 1272 557 1326 ΠΙ
574 1272 709 1326 kalendas
727 1271 859 1334 Ianuarii
877 1273 922 1327 ob.
941 1275 1035 1342 Agnes
1052 1271 1183 1326 monialis
1200 1271 1228 1326 S.
1246 1273 1332 1326 Blasii
1352 1272 1382 1326 in
1400 1272 1582 1328 Siczenkilch.

200 1360 281 1412 Auno
299 1357 406 1411 domini
425 1358 491 1411 1317
511 1357 575 1427 [ob]
594 1360 688 1428 Agnes
706 1358 741 1411 de
760 1358 940 1427 Kreukingen
958 1358 1088 1412 monialis
1106 1357 1132 1411 S.
1153 1357 1249 1425 Blasii,
1267 1359 1403 1428 magistra
1421 1359 1450 1413 in
1470 1360 1575 1415 Berow.

199 1449 280 1500 Anno
299 1443 404 1500 domini
423 1444 518 1513 137181,
540 1445 669 1499 kalendis
688 1443 801 1514 Aprilis,
820 1444 863 1498 ob.
882 1443 1030 1498 Bainricus
1043 1443 1124 1497 Woel
1143 1461 1197 1498 sae.
1216 1448 1245 1498 et
1262 1463 1298 1499 m.
1317 1445 1344 1500 S.
1360 1445 1454 1512 Blasii,
1473 1447 1515 1500 ob.
1535 1449 1564 1500 et
1577 1446 1747 1500 Wernherus

95 1552 136 1588 cv.
157 1532 187 1586 in
205 1530 283 1586 brevi
301 1534 426 1599 tempore
443 1533 507 1600 post
525 1548 596 1584 11111.

198 1620 279 1672 Anno
297 1616 403 1671 domini
423 1617 497 1680 1318,
515 1617 643 1672 kalendis
660 1616 744 1683 Iunii,
761 1616 804 1670 ob.
823 1615 971 1670 Hainricus
989 1632 1041 1669 sac.
1061 1619 1089 1669 et
1107 1635 1142 1670 m.
1162 1617 1188 1670 S.
1207 1615 1303 1680 Blasii,
1322 1636 1399 1687 ppos.
1418 1617 1448 1672 in
1467 1618 1672 1673 Ochsenhusen.

199 1707 280 1760 Auno
302 1703 503 1769 (11111111377,
526 1703 705 1759 IIkalendas
727 1702 839 1766 Marcii,
863 1701 906 1755 ob.
931 1701 1064 1755 Nicolaus
1087 1719 1140 1756 sac.
1165 1704 1190 1758 S.
1211 1703 1312 1758 Blaesii
1338 1707 1367 1758 et
1391 1722 1452 1759 cum
1478 1721 1510 1758 eo
1534 1705 1685 1758 Berdoldus
1704 1721 1746 1757 cv.

95 1797 200 1850 Bodern
220 1811 301 1852 anno,
320 1792 372 1845 XII
391 1791 526 1846 kalendas
544 1793 618 1857 Iulii,
637 1792 680 1846 ob.
698 1792 780 1844 Anna
798 1789 927 1844 monialis
946 1789 971 1843 S.
991 1789 1086 1852 Blasii,
1105 1790 1240 1859 magistra
1259 1791 1288 1843 in
1308 1791 1454 1845 Guotnow.

200 1884 280 1935 Anno
298 1879 405 1932 domini
425 1880 491 1932 1378
509 1879 553 1934 11.
572 1879 698 1933 Iohanna
715 1875 846 1930 monialis
864 1876 894 1929 in
913 1876 1098 1930 Siczenkilch.

199 1969 280 2022 Anno
296 1964 403 2018 domini
422 1964 497 2027 1379,
516 1965 579 2018 VIII
596 1963 731 2018 kalendas
748 1962 921 2027 Novembris,
940 1962 983 2016 ob.
1003 1963 1086 2032 Hugo
1103 1962 1138 2016 de
1157 1962 1349 2032 Gnotsnburg.
1385 1965 1456 2017 Item
1475 1963 1578 2018 Iaitold
1596 1964 1748 2034 Hdrlinger

95 2075 149 2111 sac.
160 2059 190 2109 et
199 2073 235 2108 m.
247 2053 276 2106 in
287 2053 411 2106 Berouw.
434 2051 504 2104 Item
514 2049 566 2104 VII
578 2048 713 2104 kalendas
723 2049 901 2119 Septembris,
914 2049 957 2104 ob.
969 2049 1128 2119 Margareta
1140 2050 1269 2104 monialis
1283 2050 1313 2103 11
1323 2051 1495 2106 Siczenkilcb
1507 2052 1575 2122 [111]
1585 2051 1748 2120 Nollingen.

201 2144 280 2195 Auno
302 2136 408 2192 domini
426 2137 505 2199 1319,
529 2136 707 2191 IIkalendae
726 2135 866 2202 Octobris,
894 2137 938 2191 ob.
962 2135 1138 2191 Eberhardus
1164 2135 1256 2190 dictus
1280 2136 1315 2190 dc
1338 2138 1468 2200 Brandis,
1499 2138 1562 2192 abb.
1585 2137 1747 2191 monasterii

95 2229 210 2286 Maioris
228 2224 327 2295 Augie,
345 2223 451 2279 ordinis
468 2241 489 2276 s.
509 2222 663 2277 Benedicti.

202 2317 281 2368 Anno
298 2309 403 2365 domini
424 2310 504 2373 1380,
521 2309 547 2363 V
565 2327 652 2363 nonas
670 2309 753 2367 Maii.
782 2309 827 2362 ob.
847 2308 992 2363 Heinricns
1015 2308 1069 2363 abb
1073 2350 1197 2372 .......
1227 2310 1351 2375 nomine,
1382 2309 1473 2364 dictus
1498 2310 1532 2363 de
1557 2310 1748 2379 ...iclingea

96 2407 134 2460 IX
153 2401 289 2458 kalendas
307 2397 434 2453 Octobris
452 2397 497 2452 ob.
517 2397 670 2451 Katberina
688 2396 779 2450 Locha
798 2396 927 2450 monialis
945 2397 975 2450 in
994 2397 1099 2450 Berow.

202 2484 406 2542 Annodomini
420 2484 484 2537 1381
504 2481 548 2538 ob.
566 2482 629 2536 idus
640 2483 763 2538 Ianuarii
777 2483 910 2537 Adilhein
928 2483 985 2551 (stc)
1005 2481 1081 2536 dicta
1099 2482 1145 2536 die
1163 2483 1270 2546 111111,
1289 2483 1420 2537 monialis
1439 2486 1469 2537 et
1486 2483 1621 2553 magistra
1640 2499 1749 2537 monas-

97 2580 162 2636 terii
181 2596 202 2632 s.
223 2574 309 2630 Blasii
328 2572 358 2626 11
375 2570 555 2625 Sitaeukilch.

201 2664 283 2718 Anno
301 2657 405 2712 domini
425 2656 505 2722 1382,
519 2655 585 2710 VIII
604 2655 666 2708 idus
683 2655 770 2719 Iunii,
788 2656 832 2710 ob.
851 2656 988 2710 Iohannes
1006 2655 1177 2718 cellerarius,
1202 2672 1256 2709 sac.
1275 2659 1305 2710 et
1323 2675 1359 2710 m.
1377 2657 1538 2711 monasterii
1558 2676 1577 2711 s.
1597 2656 1696 2720 311111,
1715 2656 1749 2710 de

97 2750 303 2809 Ochsenhusen.
338 2744 390 2797 Hic
411 2742 552 2813 sapientia
573 2745 603 2796 11
625 2742 788 2810 eloquencia
811 2741 936 2811 preditus
958 2741 1109 2811 plurimum
1129 2741 1268 2796 laboravit
1290 2745 1320 2796 et
1337 2743 1470 2812 vigilavit
1495 2761 1545 2812 pro
1567 2746 1644 2798 statu
1667 2744 1749 2797 buius

98 2836 216 2894 cenobii.
244 2833 296 2887 Hic
314 2831 387 2885 inter
400 2835 492 2885 cetera
503 2829 640 2882 virtutum
654 2828 712 2882 eius
730 2828 855 2898 insignia
865 2828 996 2898 pervigili
1008 2847 1074 2882 cura
1086 2827 1304 2883 sollicitudinem
1317 2830 1434 2899 gerebat
1446 2829 1617 2886 infirmorum
1631 2831 1748 2885 fratrum

98 2925 220 2994 neque⁸)
238 2935 332 2974 omncs
348 2917 469 2984 amabat,
488 2919 521 2969 11
532 2916 640 2979 fratres,
657 2915 693 2968 ab
706 2916 833 2970 omnibus
846 2915 1026 2984 diligebatur,
1045 2919 1078 2969 111
1089 2920 1177 2986 pater,
1196 2918 1225 2969 et
1236 2933 1293 2970 non
1306 2917 1394 2970 solum
1407 2935 1424 2971 a
1436 2917 1584 2986 religiosis,
1602 2917 1650 2972 sed
1665 2919 1749 2972 etiam

98 3029 116 3066 a
133 3007 307 3081 principibus
325 3006 354 3058 11
371 3002 547 3070 conversis,·)
566 3001 717 3055 baronibus
735 3019 768 3055 ac
786 3001 1014 3072 provincialibus.

203 3088 829 3158 Α111111111111382,111111111113111,
855 3089 898 3144 ob.
918 3088 1050 3143 Adelheit
1075 3086 1151 3142 dicta
1174 3088 1314 3155 Kloterin,
1342 3089 1563 3145 sanctimonialis
1588 3091 1618 3144 in
1645 3091 1750 3146 Berow.

98 3185 170 3237 Item
185 3181 249 3235 VIII
267 3177 401 3232 kalendas
419 3175 589 3246 Septembris
608 3175 651 3230 ob.
668 3177 752 3231 Anna
769 3176 804 3232 de
822 3177 953 3246 lifringen
973 3178 1003 3230 et
1020 3176 1113 3245 Agnes
1135 3174 1169 3230 de
1182 3176 1328 3247 Villingen
1346 3178 1572 3232 sanctimoniales
1597 3179 1627 3233 in
1645 3179 1749 3234 Berow.

98 3271 169 3325 Item
188 3268 211 3322 V
231 3265 364 3320 kalendas
382 3262 554 3333 Septembris
571 3262 614 3317 ob.
635 3263 769 3317 Adelbeid
789 3263 905 3318 Amatad
924 3262 1052 3316 monialis
1070 3261 1100 3314 11
1118 3262 1223 3318 Berow.
1259 3265 1330 3317 Item
1348 3280 1421 3318 none
1440 3264 1610 3334 Septembirs
1628 3265 1685 3333 (sic)
1706 3264 1749 3318 ob.

98 3361 182 3411 Anna
201 3351 316 3408 Amstad
341 3349 469 3404 monialis
490 3349 521 3403 in
539 3350 644 3404 Berow.
679 3349 751 3404 Item
771 3350 808 3404 VI
826 3349 891 3403 Idus
910 3348 1080 3419 Septembris
1103 3349 1148 3403 ob.
1167 3349 1288 3404 Oerdrut
1310 3350 1388 3406 dicta
1405 3351 1545 3419 Kloterin,
1572 3351 1702 3406 monialis
1720 3352 1750 3405 in

99 3445 205 3498 Berow.
240 3441 311 3494 Item
328 3436 421 3492 XVHI
437 3435 571 3490 kalendas
585 3425 713 3491 Octobris
730 3437 775 3491 ob.
793 3437 876 3490 Anna
894 3435 1083 3505 deVilliugen
1102 3435 1322 3490 sanctimonialis
1345 3436 1376 3489 in
1394 3437 1500 3492 Berow.
1530 3438 1598 3492 VIII
1612 3438 1749 3492 kalendas

99 3527 228 3584 Octobris
240 3525 284 3580 ob.
294 3523 380 3576 Lucia
391 3522 425 3576 de
435 3523 535 3591 Augen
547 3522 676 3576 monialis
688 3523 719 3575 in
729 3522 833 3577 Berow.
858 3522 897 3575 IV
910 3539 997 3576 nouas
1007 3521 1173 3576 Novembris
1184 3522 1229 3576 ob.
1239 3521 1359 3592 Hedwig
1374 3523 1505 3578 monialis
1517 3524 1547 3578 11
1561 3523 1749 3580 Siczemkilcb.

203 3613 285 3666 Anno
298 3609 403 3665 domini
417 3610 491 3674 1382,
504 3609 543 3663 XI
554 3608 689 3663 kalendas
699 3608 873 3672 Novembris,
885 3607 928 3662 ob.
938 3608 1078 3662 Iohannes
1087 3608 1172 3678 prior,
1184 3607 1276 3662 dictus
1286 3609 1392 3674 Blarus,
1405 3629 1441 3663 m.
1452 3611 1644 3666 monasteriis.
1655 3611 1750 3664 Blasii.

98 3702 138 3757 lv
156 3717 245 3754 nonas
264 3736 592 3754 ................
611 3695 748 3749 Iohannes
766 3695 801 3749 de
819 3734 928 3750 .....
952 3711 1007 3748 sac.
1022 3697 1097 3748 1111.
1116 3693 1277 3748 monasterii
1296 3711 1317 3748 s.
1337 3695 1433 3760 Blasii,
1453 3713 1530 3766 ppos.
1549 3697 1579 3751 in
1598 3698 1702 3752 Berow.

203 3787 285 3839 Anno
308 3781 422 3852 [domini
446 3782 521 3850 1382]
544 3822 631 3837 .....
655 3781 697 3836 ob.
722 3781 889 3835 Adelbertus
911 3780 1003 3835 dictus
1021 3820 1167 3836 ........
1192 3781 1350 3849 1111111.
1373 3783 1536 3837 monasterii
1561 3803 1581 3837 s.
1601 3784 1697 3852 Blasii]
1721 3784 1751 3837 in

100 3875 264 3930 Schoenon.

204 3960 286 4013 Anno
303 3955 408 4012 domini
427 3956 516 4026 [1381]
621 3955 656 4010 ob
658 3994 896 4018 ............
915 3972 952 4009 m.
970 3953 1000 4008 iu
1021 3993 1149 4010 .......

204 4047 285 4099 Anno
303 4043 408 4098 domini
427 4043 510 4108 1383,
528 4042 567 4097 XI
585 4041 718 4096 kalendas
731 4042 848 4112 Aprilis,
866 4041 1013 4096 Heinricns
1031 4041 1123 4095 dictus
1138 4041 1260 4095 Landolt
1278 4059 1332 4096 sac.
1345 4044 1375 4095 et
1386 4061 1422 4096 m.
1441 4043 1602 4098 monasterii
1621 4063 1641 4098 1.
1654 4043 1749 4099 Blasii.

100 4135 196 4190 Pridie
219 4132 282 4187 idus
306 4131 373 4186 Maii
397 4130 441 4185 ob.
462 4129 644 4185 Obuonrudus
667 4147 708 4184 cv.
735 4128 897 4184 monasterii
924 4148 945 4182 s.
969 4128 1065 4182 Blasii.
1100 4128 1153 4181 VH
1176 4127 1311 4181 kalendas
1335 4129 1455 4198 Augusti
1481 4130 1525 4184 ob.
1547 4131 1687 4186 Iohannes
1710 4149 1751 4186 cv.

100 4219 263 4277 monasterii
281 4237 301 4272 s.
314 4216 409 4271 Blasii.
436 4216 487 4271 VII
500 4214 563 4270 idus
573 4216 694 4286 Augusti
707 4216 750 4272 ob.
763 4218 857 4286 Agnes
870 4215 1000 4271 monialis
1012 4214 1174 4270 monasterii
1192 4233 1213 4268 1.
1226 4214 1313 4286 Blasii
1326 4215 1356 4268 in
1369 4216 1537 4271 Sicenkilch.
1565 4218 1604 4272 VI
1616 4217 1751 4273 kalendas

100 4305 272 4380 Septembris
294 4305 336 4360 ob.
359 4305 565 4358 Dentamannus
588 4302 651 4357 diac
669 4307 698 4358 et
712 4322 748 4359 m.
765 4303 927 4358 monasterii
953 4322 973 4357 s.
993 4302 1087 4356 Blasii.
1123 4301 1300 4356 Xkaleudas
1320 4302 1448 4357 Octobris
1475 4303 1519 4359 ob.
1544 4304 1691 4360 Helnricus
1710 4324 1752 4360 cv.

103 4391 269 4451 monasterii
287 4411 308 4446 s.
326 4389 421 4444 Blasii.

206 4481 298 4550 [Anno
317 4476 394 4545 1381]
412 4475 451 4531 IV
470 4474 532 4530 idus
549 4475 655 4546 Aprilis
672 4477 717 4531 ob.
735 4477 882 4532 Heinricus
900 4495 954 4532 sac.
967 4480 997 4531 et
1009 4495 1044 4531 m.
1062 4477 1264 4548 monasteriis.
1283 4476 1384 4542 Blasii,
1404 4477 1479 4546 prior
1497 4477 1526 4531 in
1546 4477 1751 4534 Ochsenhusen.

100 4571 184 4624 Anno
202 4564 308 4621 domini
327 4564 406 4627 1384,
424 4561 463 4617 XI
480 4562 614 4617 kalendas
631 4564 767 4634 Augusti,
786 4564 829 4619 ob.
848 4564 994 4618 Heinricas
1013 4567 1158 4618 1111111.
1176 4561 1339 4617 monasterii
1357 4581 1378 4616 s.
1397 4563 1484 4617 Blasii
1510 4563 1541 4617 in
1558 4565 1648 4634 Nigra
1666 4565 1752 4622 Silva.

205 4654 286 4707 Anno
309 4649 513 4713 (1111111386,
535 4650 562 4703 II
578 4650 713 4704 kalendas
734 4649 815 4715 Maii,
839 4651 883 4706 ob.
902 4649 1084 4706 Ohuonradus
1102 4666 1143 4704 cv.
1165 4649 1328 4704 monasterii
1347 4667 1368 4703 s.
1387 4649 1482 4706 Blasii.
1516 4650 1556 4704 IV
1575 4667 1663 4707 nonas
1683 4653 1751 4723 Sep-

101 4740 218 4797 tembris
247 4737 289 4793 ob.
316 4735 398 4791 Clara
424 4735 459 4789 de
483 4735 646 4790 Bubendorf
669 4737 800 4791 monialis
827 4737 856 4791 in
884 4737 1065 4792 Siczenkilch.
1110 4736 1135 4790 V
1159 4736 1222 4791 idus
1251 4736 1422 4806 Septembris
1452 4736 1496 4792 ob.
1524 4737 1607 4792 Anna
1633 4739 1668 4794 de
1694 4742 1752 4795 Wil

102 4825 233 4882 monialis
250 4823 280 4878 11
298 4823 423 4877 Berouw.
458 4820 523 4875 XIV
542 4821 676 4876 kalendas
695 4823 822 4878 Octobris
840 4822 883 4877 ob.
901 4824 1038 4878 Iohannes
1057 4821 1150 4876 Ederli
1169 4839 1222 4877 sac.
1235 4825 1265 4877 et
1276 4841 1312 4876 m.
1332 4840 1354 4877 1.
1372 4822 1459 4877 Blasii
1477 4823 1507 4877 in
1525 4823 1672 4880 Outnouw.

206 4911 299 4980 [Anno
313 4909 409 4978 13871]
428 4908 520 4962 XVIII
532 4907 666 4962 kalendas
680 4907 823 4964 Februarii
836 4909 880 4963 ob.
892 4909 1029 4964 Iohannes
1041 4909 1075 4964 de
1088 4909 1292 4978 [Schoelnousa
1311 4926 1363 4963 sac.
1377 4911 1407 4964 et
1418 4927 1455 4964 m.
1466 4928 1488 4965 s.
1502 4910 1597 4966 Blasii.
1631 4913 1671 4967 IlI
1690 4913 1753 4968 idus

101 4997 228 5055 Ianuarii
246 4996 289 5051 ob.
308 4994 463 5049 Xatberina
480 4993 611 5049 monialis
627 4995 658 5048 in
677 4996 843 5050 Guotnouw.
878 4996 918 5050 IV
936 4995 1070 5050 kalendas
1089 4995 1186 5050 Marcii
1205 4995 1249 5050 ob.
1268 4995 1425 5050 Katberina
1443 4996 1573 5051 monialis
1586 5017 1607 5052 s.
1618 4999 1703 5054 Blasii
1722 5001 1752 5054 in

103 5087 228 5140 Berouw.
264 5083 304 5138 111
323 5099 409 5136 nonas
426 5081 524 5135 Marcii
543 5081 586 5136 ob.
604 5082 742 5137 Iohannes
760 5099 800 5136 cr.
817 5085 846 5136 et
859 5101 894 5137 m.
912 5101 933 5136 s.
950 5083 1043 5136 Blasii.
1078 5082 1118 5136 VI
1135 5081 1271 5136 kalendas
1288 5082 1384 5136 Martii
1403 5083 1447 5137 ob.
1466 5083 1650 5139 Bercbtoldus
1669 5086 1752 5142 D...

103 5188 145 5226 cv.
164 5189 184 5225 s.
201 5168 287 5224 Blasii
304 5168 334 5222 in
353 5167 556 5223 Ochsenhusen.
592 5167 656 5223 XIV
675 5168 809 5222 kalendas
827 5168 998 5239 Septembris
1016 5169 1060 5224 ob.
1079 5168 1226 5224 Heinricus
1244 5185 1297 5222 sac.
1317 5187 1337 5221 s
1356 5169 1442 5222 Blasii
1461 5169 1490 5222 in
1510 5170 1717 5226 Ochsenhusen.

209 5257 289 5310 Anno
308 5256 376 5310 1388
394 5254 438 5309 11.
454 5254 520 5310 VIII
538 5254 673 5310 kalendas
690 5255 796 5325 Aprilis
814 5258 896 5310 Anna
914 5256 949 5310 de
967 5296 1100 5312 .......
1118 5256 1248 5311 monialis
1266 5255 1296 5310 in
1315 5256 1443 5326 [Berow].

208 5344 289 5398 Anno
309 5345 376 5398 1390
398 5344 442 5398 11.
465 5343 504 5398 IV
529 5342 591 5397 idus
615 5344 786 5414 Septembris
808 5345 839 5398 fr.
859 5344 1006 5399 Heiancus
1028 5343 1135 5398 Hoedal
1153 5359 1207 5397 sac.
1225 5345 1254 5396 et
1270 5361 1307 5396 m.
1331 5360 1352 5397 1.
1372 5343 1466 5396 Blasii.
1503 5343 1595 5400 XVIII
1619 5345 1753 5400 kalendas

103 5429 234 5486 Octobris
258 5430 300 5484 ob.
323 5431 456 5485 Nicolaus
479 5430 626 5500 Distinger
647 5449 701 5486 sac.
720 5435 750 5486 11
766 5451 802 5486 m.
827 5451 847 5486 s.
866 5431 953 5486 Blasii
975 5431 1171 5486 inWitnouw.
1207 5430 1247 5484 III
1269 5446 1357 5483 nonas
1379 5431 1545 5485 Novembris
1568 5432 1612 5488 ob.
1635 5435 1753 5488 Ioannes

103 5515 249 5584 Teningb)
268 5533 308 5571 cv.
321 5519 350 5569 et
365 5533 400 5570 m.
418 5533 439 5570 s.
453 5514 547 5570 Blasii.
583 5516 636 5570 XII
654 5517 789 5572 kalendas
806 5517 930 5572 Ianuarii
953 5517 997 5572 ob.
1017 5515 1153 5572 Budolfus
1176 5515 1211 5570 de
1229 5515 1422 5571 Alminshofen
1441 5533 1510 5586 puer
1522 5520 1552 5572 et
1566 5537 1602 5574 m.
1621 5539 1641 5575 s.
1658 5520 1752 5577 Blasii.

604 5643 767 5649 ——-—---.-
967 5646 1097 5652 —..—.—.
1109 5645 1167 5650 .-.-..
1177 5645 1321 5650 .--,--..--.
1337 5645 1431 5649 ——-—
1445 5645 1454 5649 -
1479 5645 1522 5650 —.
1535 5646 1645 5655 ,ἡ

211 5725 234 5794 ι)
255 5726 368 5792 casa:
385 5734 468 5792 aaa,
485 5726 622 5778 cossam.
726 5725 751 5787 a)
777 5728 822 5780 Va
844 5729 948 5798 11111.

1496 5820 1550 5874 42*
