4306 6434
311 405 372 470 334
571 399 833 458 NECROLOGIUM
851 400 965 458 MINUS
985 401 1211 457 uouisuuml
1230 403 1256 456 S.
1276 401 1382 457 PETRI
1401 401 1541 458 mmmm
1560 400 1698 458 smum.

369 915 876 1014 uuououocrmu
908 918 1120 1013 mnus
1150 891 1579 1013 5555555555
1612 916 1660 1011 5.
1689 917 1898 1012 euim

851 1073 1119 1170 555555
1150 1072 1414 1168 sumu.

413 1300 653 1396 Mortuarium
676 1329 859 1392 monasterii
880 1351 905 1392 s.
922 1329 1020 1408 Petri,
1044 1329 1167 1393 ordinis
1188 1349 1213 1392 s.
1229 1326 1406 1406 Benedicti,
1429 1329 1515 1392 circa
1536 1350 1658 1392 aunum
1680 1333 1766 1392 1080
1789 1332 1825 1394 in
1846 1333 1949 1412 oppilo

317 1433 478 1500 Wcillieim
500 1437 601 1520 (nunc
622 1433 753 1496 ditionis
773 1433 1054 1516 Wiitcmbcrpicac)
1076 1434 1195 1497 conditi
1217 1438 1247 1496 ct
1261 1454 1347 1498 anno
1362 1435 1446 1496 1991
1463 1434 1499 1498 in
1514 1433 1648 1515 Nipram
1663 1433 1784 1498 Silvam
1799 1435 1948 1513 translati,

308 1539 396 1601 iutra
419 1541 475 1604 lios
496 1559 597 1604 anuos
619 1539 828 1618 conscriptum
850 1539 916 1602 iam
931 1539 1053 1602 dudum
1061 1537 1170 1618 periit.
1216 1536 1354 1618 Reliqua
1369 1543 1415 1602 est
1430 1543 1555 1602 tantum
1569 1539 1706 1617 epitome,
1729 1559 1826 1620 quam
1842 1539 1948 1604 Pctus

312 1643 532 1726 Grerriolspaclc
561 1643 657 1706 abbas
685 1643 784 1705 tuitus
810 1644 994 1706 nionasterii
1020 1662 1106 1706 anuo
1134 1641 1219 1705 1497
1245 1641 1357 1722 confici
1385 1642 1489 1705 iussit.
1533 1641 1603 1705 Hoc
1624 1663 1717 1721 opms,
1748 1643 1848 1722 qiud,
1877 1645 1947 1724 quic

302 1753 433 1825 praeter
458 1749 588 1812 nomina
614 1745 762 1810 albatum
783 1747 912 1810 nomino
934 1745 1164 1826 bmuluctomcm
1186 1745 1430 1825 comprehendit,
1460 1745 1499 1810 al
1521 1751 1649 1810 auctore
1670 1767 1729 1809 srco
1751 1746 1849 1823 „liber
1868 1748 1947 1811 lene·

307 1849 485 1928 [aelement‘
499 1852 691 1927 nominatus,
713 1855 759 1913 est
774 1871 858 1930 pars
879 1850 994 1913 codicis
1013 1849 1248 1926 niunlrrauacei,
1271 1851 1328 1930 qui
1341 1870 1428 1914 nnnc
1443 1850 1480 1912 in
1494 1849 1674 1913 bibliotheca
1682 1849 1818 1930 jncblica
1836 1849 1947 1915 Caroli-
2019 1903 2021 1912 .

308 1953 440 2017 intumi
461 1959 643 2018 asservatur
665 1953 781 2036 quique
789 1960 919 2034 practer
933 1952 1140 2035 merolopinm
1155 1953 1211 2017 hoc
1225 1954 1333 2016 minus
1348 1952 1523 2035 catalopum
1537 1954 1684 2017 abbatum
1698 1959 1729 2016 ct
1742 1959 1836 2018 nolas
1849 1957 1949 2019 mnas

309 2057 493 2122 historicasl
522 2058 667 2122 cmitiuct.

412 2161 635 2226 Recensiouem
664 2183 777 2226 novom
798 2161 964 2244 uuroupu
986 2162 1117 2226 minoris
1139 2160 1271 2242 confecit
1293 2181 1379 2225 anno
1402 2163 1486 2224 1569
1509 2160 1628 2226 Daniel
1657 2161 1832 2244 Weliinper,
1860 2164 1950 2228 abbas

309 2263 535 2345 Sccrnntriuus,
564 2287 661 2347 quam
686 2264 853 2330 Ocnradus
875 2265 965 2344 Ploc,
993 2266 1165 2330 musacium
1193 2266 1331 2329 eiusdem
1361 2267 1513 2344 conubii,
1543 2267 1581 2330 in
1607 2265 1766 2346 euunplcir
1792 2267 1950 2349 necrolopii

313 2368 580 2450 Gmmenbaccnsis
602 2371 688 2433 circa
710 2389 831 2432 aunum
847 2371 931 2431 1599
947 2369 983 2433 in
997 2371 1185 2433 ncormsterio
1200 2368 1232 2433 S.
1247 2369 1337 2432 Petri
1351 2370 1505 2450 seriptum
1519 2367 1694 2433 transtulit.
1740 2369 1951 2452 Necrolcyinm

309 2471 535 2552 Sanpctrinum
562 2472 618 2536 lico
647 2472 736 2536 modo
763 2472 937 2536 adauctum
965 2493 1064 2552 usque
1091 2472 1135 2535 ad
1162 2492 1285 2535 (cunum
1312 2473 1397 2534 1693
1427 2473 1647 2536 continentum
1673 2478 1729 2538 est.
1782 2474 1852 2538 Hoc
1872 2497 1951 2538 anno

308 2577 445 2639 recensio
459 2597 540 2640 nevo
556 2577 704 2640 inchoata
719 2582 773 2654 cst,
795 2578 832 2640 iu
846 2597 910 2657 qua
925 2599 964 2640 cn
979 2577 1165 2640 mmtuauiis
1179 2576 1316 2640 alimum
1331 2578 1553 2656 commiimnm,
1576 2599 1614 2640 cc
1627 2578 1731 2642 rotulo
1747 2578 1952 2660 Sanpetrino²

309 2685 338 2743 ct
366 2701 405 2744 eu
430 2680 506 2743 aliis
531 2681 673 2761 fontibus
699 2681 874 2745 domesticis
900 2686 929 2744 et
958 2681 1072 2744 alienis
1100 2703 1138 2744 eu
1167 2681 1301 2745 arbitrio
1327 2683 1490 2762 scriptoris
1516 2681 1626 2745 selecto
1650 2683 1780 2746 nouiiua
1796 2685 1953 2764 pernndm

308 2784 536 2864 ‹losuuctominu
558 2786 615 2866 qui
636 2786 783 2849 vinciunt
805 2785 906 2849 crud-io
927 2806 1010 2864 aeeo,
1032 2786 1145 2848 addita
1166 2791 1250 2850 sient.
1298 2786 1401 2867 Quam
1421 2786 1456 2850 ab
1475 2807 1541 2850 rem
1560 2787 1617 2850 lioc
1634 2786 1854 2868 necrologiium,
1876 2788 1956 2868 quod

308 2910 408 2970 usqne
429 2889 473 2952 ccl
494 2890 1001 2966 anuun11752contiuuamrunt,
1023 2890 1149 2952 minimi
1157 2889 1258 2969 pretii
1272 2895 1326 2952 est.
1374 2889 1464 2970 Quod
1471 2891 1610 2969 pertinet
1623 2891 1721 2953 etium
1735 2890 1780 2953 ad
1794 2891 1956 2954 atilionem

307 2993 509 3056 nouissimam
531 3013 552 3054 a
574 2991 794 3056 Baumeistero
816 2994 943 3073 saepius
964 2993 1126 3055 nominato
1148 2991 1292 3073 consecto,
1315 3013 1391 3056 nom
1406 2997 1536 3072 precetcr
1557 2993 1759 3070 recensiones,
1781 3015 1866 3074 muns
1886 3001 1958 3057 ante

307 3096 387 3171 clici,
409 3097 496 3176 operi
516 3117 573 3160 suo
596 3096 690 3159 etiam
711 3097 842 3160 nominc
859 3118 897 3160 ee
911 3097 1086 3160 nimitum-io
1101 3093 1243 3161 Selclernsi
1257 3102 1287 3160 ct
1301 3118 1339 3160 ec
1354 3099 1453 3160 cartis
1467 3098 1650 3160 monasterii
1665 3097 1696 3161 S.
1718 3097 1826 3163 Utrici
1842 3099 1960 3180 Morus

307 3198 411 3264 Silvae
433 3221 471 3263 cc
492 3199 653 3264 arbitratu
674 3221 732 3263 suo
754 3199 878 3264 adiecit.

996 3414 1273 3489 IANUARIUS.

323 3545 347 3599 2.
418 3545 455 3600 1v
473 3561 537 3598 non.
565 3543 1393 3615 01.Αά51155155558555115555(1551155115581555
1412 3546 1448 3599 ud
1467 3545 1613 3614 Bettburg.

322 3635 347 3687 4.
427 3632 453 3685 11
471 3648 535 3685 non.
564 3631 615 3685 Ob.
634 3631 795 3686 Cuonradus
813 3631 885 3685 filius
905 3632 983 3686 ducis
1002 3633 1133 3688 Ounradi.

322 3721 348 3772 8.
418 3719 456 3772 vl
474 3719 513 3774 id.
566 3716 618 3771 Ob.
636 3717 797 3772 cuonradus
815 3717 871 3771 dux
889 3717 924 3771 de
943 3718 1108 3788 Zaeringem
1127 3736 1178 3789 pro
1196 3736 1252 3787 quo
1270 3735 1340 3772 uxor
1357 3718 1416 3772 eius
1434 3719 1513 3773 dedit
1531 3718 1658 3788 predium
1677 3719 1713 3772 ad
1733 3719 1922 3776 Roeteubach
1941 3727 1969 3776 et

615 3804 737 3857 casulum
756 3821 933 3874 purpureum,
951 3805 1070 3858 officinm
1091 3824 1155 3860 cum
1172 3809 1189 3861 5
1208 3805 1340 3859 candelis.

307 3893 348 3945 10.
418 3891 456 3944 IV
475 3890 512 3944 id.
566 3889 616 3944 Ob.
635 3890 1078 3946 (1551151555(15155515511551.ι

306 3979 347 4032 16.
374 3977 528 4034 1111111151.
564 3976 614 4031 Ob.
633 3977 728 4033 Cuono
746 3996 774 4032 n.
785 3995 866 4046 555,
884 3978 947 4047 qui,
966 3978 1099 4047 quicquid
1118 3976 1688 4049 515511555515515115511155515355
1710 3980 1824 4048 151511,
1844 4002 1866 4037 5.
1887 3985 1971 4040 Petro

619 4063 705 4118 dedit.

306 4153 347 4206 17.
393 4151 458 4206 XVI
475 4151 531 4206 kal.
568 4153 619 4209 01.
637 4153 790 4208 Ruodolius
809 4172 836 4208 u.
847 4157 931 4209 e.m.⁴

304 4239 347 4294 21.
400 4239 452 4292 XII
470 4241 527 4293 lml.
563 4240 613 4294 Ob.
627 4240 809 4295 Berehtoldus
821 4241 953 4294 Lecheler
970 4239 1005 4294 (15
1018 4239 1161 4309 vilingen,
1180 4240 1228 4308 qui
1247 4239 1326 4293 dedit
1346 4239 1427 4293 nobis
1445 4238 1572 4309 predium
1586 4257 1666 4294 suum
1681 4241 1758 4309 apud
1770 4243 1972 4316 Grueuiugeu.

304 4327 346 4380 25.
388 4325 455 4379 Vlll
473 4325 528 4380 kal.
566 4327 616 4381 Ob.
636 4328 766 4382 Adelheit
784 4328 880 4381 villica
898 4327 932 4380 de
951 4327 1031 4380 155.ι

304 4414 346 4466 26.
400 4412 451 4467 VH
471 4415 526 4467 kal.
563 4414 613 4468 Ob.
632 4413 767 4467 Richinzu
784 4413 870 4482 ¹viduu
888 4413 922 4466 de
941 4413 1054 4477 1151511,
1072 4429 1127 4481 que
1144 4413 1271 4482 patravit
1288 4412 1369 4467 uobis
1388 4413 1491 4466 librum
1513 4412 1660 4468 missalem.

304 4501 347 4553 28.
428 4500 528 4554 Vkul.
565 4500 616 4555 Ob.
634 4499 789 4554 Erlewiuus
807 4500 929 4566 Wolvcr‚
948 4500 996 4569 qui
1015 4499 1095 4552 dedit
1113 4499 1194 4553 uobis
1212 4517 1341 4553 mansum
1359 4517 1445 4552 uuum
1464 4498 1499 4552 ud
1519 4499 1666 4570 Opfingen.

971 4689 1290 4764 FEBRUARIUS.

323 4825 345 4877 1.
470 4821 526 4876 kal.
564 4820 614 4877 Ob.
634 4820 729 4876 Cuono
747 4821 782 4876 (15
801 4821 922 4888 Bleichu,
940 4823 989 4890 qui
1008 4823 1088 4877 dedit
1105 4822 1186 4876 nobis
1205 4821 1333 4892 predium
1351 4839 1431 4875 suum
1449 4819 1524 4890 apud
1544 4819 1667 4873 Bleiehe.

321 4911 346 4964 3.
411 4909 451 4962 111
469 4926 534 4962 nou.
561 4908 1051 4978 1155551115Ρ51515115115[14]92.

320 4997 346 5049 4.
426 4996 452 5048 II
471 5012 536 5049 non.
565 4995 1056 5065 1555511151151115515115511511.

322 5083 345 5136 1.
400 5083 450 5136 VII
470 5081 507 5136 id.
561 5082 612 5136 Ob.
632 5085 770 5152 Repertus
790 5099 839 5146 cu,
858 5082 906 5151 qui
925 5100 1005 5136 sumu
1024 5082 1151 5152 predium
1170 5083 1245 5152 apud
1264 5081 1469 5150 Gundolfiugeu
1488 5098 1508 5133 s.
1528 5079 1611 5134 Petro
1629 5080 1717 5135 dedit.

321 5169 346 5220 8.
414 5169 452 5222 VI
470 5168 508 5222 id.
562 5170 613 5225 Ob.
625 5170 764 5241 Egilolfue
779 5170 815 5224 de
828 5170 1066 5241 Bluuch[inberc];
1085 5170 1139 5234 hic,
1159 5169 1293 5239 quiequid
1306 5168 1395 5239 predii
1409 5167 1484 5239 apud
1501 5167 1627 5222 Ufhuseu
1641 5170 1670 5221 et
1682 5168 1771 5222 frater
1784 5171 1848 5225 eius
1862 5173 1970 5230 Burm-

613 5257 717 5311 hurdns
735 5257 903 5322 1515555551,
921 5257 1002 5311 nobis
1021 5257 1166 5312 dederunt.

410 5465 430 5528 ι)
454 5463 518 5516 Vide
533 5464 693 5536 Frednupcr
704 5464 927 5520 Didccsunurdtiv
941 5465 993 5518 XI
994 5466 1023 5532 V,
1040 5473 1072 5520 63
1083 5482 1136 5534 sqq.
1234 5467 1257 5532 5)
1276 5464 1339 5518 Vide
1353 5464 1509 5533 Frulmmcr
1521 5463 1749 5518 Didcasunurcliic
1764 5465 1795 5518 X
1801 5469 1831 5534 V,
1852 5475 1900 5523 133
1911 5486 1965 5538 sqq.

306 5547 329 5609 5)
349 5547 394 5600 st.
411 5549 442 5600 de
459 5550 532 5602 lonis
549 5552 605 5604 eius
624 5553 655 5604 in
667 5554 837 5621 Ainpiiupen,
858 5551 889 5604 tle
906 5552 1000 5621 551155
1017 5554 1094 5606 uicini
1112 5552 1195 5604 doliu
1207 5551 1362 5619 pruelmtdo
1380 5552 1411 5604 in
1426 5563 1497 5602 ann⁰
1511 5550 1644 5617 Godsridi
1654 5552 1767 5620 5115111,
1784 5553 1888 5618 sratn's
1898 5557 1965 5609 cius.

305 5633 669 5791 fflifssffiism
685 5639 716 5692 in
730 5639 814 5706 Rosa,
832 5637 903 5706 quod
921 5645 1099 5708 nuncupatur
1113 5638 1258 5706 Rimmon.
1363 5641 1385 5704 5)
1406 5637 1452 5689 Pr.
1465 5635 1495 5688 de
1506 5636 1622 5704 5555555
1632 5637 1710 5704 feodo
1721 5638 1773 5690 silo
1784 5639 1816 5690 in
1832 5639 1963 5694 Reducu-
