4298 6436
424 406 486 466 530
767 400 997 456 FRAGMENTA
1016 400 1239 455 NEUROLOUH
1258 399 1489 455 COMMENUAE
1507 397 1742 454 TUBULENSIS.

423 586 463 639 25.
521 583 572 637 Vll
592 583 647 637 kal.
683 575 805 639 Notum
833 583 882 638 est
911 575 1060 640 omnibus
1091 585 1156 640 tam
1185 575 1302 639 futuris
1327 595 1423 658 quam
1448 573 1671 658 presentibus.
1701 573 1790 659 quod
1813 575 1915 637 frater
1938 572 1973 636 C.
1995 575 2069 638 filius

732 679 880 764 Epponis
911 680 1021 743 militis
1052 679 1092 746 de
1116 681 1280 744 Zeeineon
1310 679 1493 754 constituit,
1533 685 1569 742 ut
1598 680 1717 743 fratres
1747 677 1789 743 de
1813 677 1908 742 Tobil
1940 677 2067 742 modium

735 785 835 846 tritici
862 782 902 848 de
930 781 1044 868 predio
1073 785 1105 847 in
1129 783 1280 869 Opichon
1309 804 1368 868 pro
1396 780 1540 846 remedio
1563 783 1666 868 patris
1691 783 1741 846 sui
1766 789 1800 846 et
1822 782 1934 846 matris
1958 804 2012 847 sue
2033 784 2067 848 de

732 887 850 950 Muons
881 897 915 952 et
944 888 1087 952 omnium
1118 895 1329 973 parentorum
1353 885 1429 971 (εἰσ)
1457 907 1589 950 suorum
1622 887 1654 948 in
1684 885 1738 950 die
1770 893 1846 972 post
1868 885 2066 951 Nativitatem

734 991 890 1056 Iohannis
902 991 1050 1076 Paptiste
1067 993 1139 1076 (εἰσ)
1156 991 1235 1056 dare
1251 991 1373 1055 debent
1385 991 1458 1074 (sic)
1471 992 1671 1090 paupefibus
1689 993 1870 1054 annuatim.
1899 1006 1940 1060 Pr.
1951 1006 2066 1062 Albertus

732 1094 766 1147 de
785 1093 1014 1163 'Pruehtolfingen
1035 1095 1111 1163 prior
1129 1095 1212 1148 huius
1231 1093 1329 1148 domus
1348 1094 1392 1148 ob.

422 1189 464 1242 27.
550 1189 571 1240 V
591 1189 646 1242 kal.
683 1182 826 1245 Domina
848 1181 947 1245 Anna
970 1179 1010 1245 de
1034 1181 1270 1246 Loewenberk.

421 1285 463 1337 ⁴28.
533 1284 570 1336 lv
588 1284 644 1337 kal.
683 1283 801 1338 Domina
819 1285 911 1338 Guota
929 1301 999 1337 uxor
1018 1283 1142 1338 Hainrici
1162 1285 1197 1338 de
1215 1284 1396 1354 Spigelberch
1416 1283 1458 1338 ob.

422 1378 463 1431 30.
544 1379 570 1432 ΙΙ
589 1379 645 1432 kal.
682 1373 844 1437 Dominus
867 1371 1054 1436 Bureardus
1083 1373 1123 1437 de
1148 1373 1355 1438 Heitenowe.

446 783 452 814 Ι

1167 1568 1335 1642 lULlUS.

441 1713 463 1764 1.
588 1713 644 1765 kal.
682 1705 857 1768 Hainrieus
882 1726 954 1767 won
975 1683 1199 1767 Heittenowe.
1241 1702 1311 1766 Sor.
1337 1701 1528 1767 Maithildis.
1566 1701 1618 1765 Fr.
1643 1701 1832 1765 Burcardus
1859 1701 1899 1766 de
1924 1699 2061 1790 Ηοίσ(σ).

437 1816 462 1868 ⁴2.
533 1816 570 1870 VI
590 1833 653 1870 non.
680 1809 868 1875 Bureardus
891 1811 985 1874 miles
1009 1809 1050 1874 de
1066 1807 1249 1893 Wengen.¹

438 1921 462 1972 3.
546 1919 653 1974 vnon.
681 1914 874 1980 Heduwich.
917 1914 1027 1980 Adilh.
1051 1913 1238 1978 Htirstarin.
1276 1913 1330 1978 Fr.
1353 1912 1495 1977 Hirskor
1525 1910 1769 1976 commendator
1799 1912 1831 1974 in
1854 1911 2061 1976 Buobinchom

732 2019 785 2083 Fr.
807 2017 1001 2083 Waltherus
1029 2019 1137 2083 dictus
1159 2018 1321 2082 Phlaster.
1363 2018 1575 2081 Hermannus
1604 2017 1644 2082 de
1667 2015 1724 2080 Wi
1738 2068 1746 2082 .
1762 2068 1770 2081 .
1784 2067 1814 2082 ..
1851 2034 1930 2085 Anno
1949 2031 2009 2085 1324
2025 2030 2060 2083 ob.

733 2121 847 2175 domina
868 2121 1043 2176 Uodelhildis
1061 2123 1096 2176 de
1114 2123 1277 2188 Altstetten,
1297 2139 1366 2175 uxor
1384 2121 1490 2175 domini
1510 2120 1637 2175 Ruodolfi
1652 2163 1657 2172 .
1672 2164 1678 2174 .
1693 2163 1719 2174 ..

439 2214 464 2266 4.
533 2215 571 2268 lv
589 2232 654 2268 non.
682 2208 832 2273 Iacobus.
868 2209 1012 2275 Gerdrut
1035 2210 1076 2275 de
1094 2210 1331 2296 Wigoltingen.

439 2320 464 2372 5.
532 2318 571 2372 ΙΙ]
591 2335 655 2372 non.
682 2311 893 2377 Eberhardus
928 2314 969 2379 de
997 2314 1196 2379 Hathenow.
1234 2314 1335 2400 Hugo
1370 2314 1410 2378 de
1436 2313 1640 2377 Constaneia.
1680 2313 1779 2376 quza
1814 2333 1898 2375 uxor
1929 2311 1998 2374 Ber.
2027 2307 2060 2372 de

734 2416 919 2501 Hittingen.

439 2527 464 2578 6.
545 2525 569 2578 11
589 2542 654 2579 non.
681 2520 724 2584 H.
748 2519 843 2586 liber.
867 2520 1084 2607 Marquardus
1112 2521 1152 2586 de
1170 2521 1354 2608 'Burgelom

439 2623 464 2673 9.
522 2619 575 2674 v11
593 2620 630 2675 id.
684 2622 735 2678 ob.
756 2623 918 2677 waltherus
937 2624 972 2676 de
989 2623 1132 2694 usrpant.

422 2717 462 2770 10.
533 2716 572 2770 VI
591 2715 628 2769 id.
681 2709 878 2776 Adelhaidis
902 2711 943 2776 de
967 2711 1205 2797 Nencelingen.

421 2820 461 2874 11.
547 2819 571 2870 V
590 2819 626 2873 id·
681 2815 842 2880 Dominus
857 2815 1077 2880 Gunrammus
1099 2817 1139 2882 de
1156 2815 1403 2903 Spiegelbereh.
1427 2815 1536 2880 Adilh.
1555 2825 1608 2878 ev·
1624 2814 1664 2878 de
1680 2811 1919 2878 Allonwinden.
1948 2825 2060 2878 Dominus

732 2919 840 2973 Olricus
858 2919 893 2974 de
911 2918 1103 2988 Sunnenberg.
1166 2951 1168 2956 ·

421 3011 461 3064 14.
543 3012 571 3066 11
589 3010 627 3064 id.
682 3006 753 3073 sor.
778 3005 888 3071 Guota
910 3006 951 3071 de
967 3006 1132 3091 wengen.
1163 3022 1250 3076 naht.
1268 3034 1316 3075 cv·
1334 3023 1369 3075 de
1389 3021 1480 3075 wiele
1498 3020 1542 3074 ob.
1563 3005 1566 3012 '

423 3115 462 3166 10.
590 3115 627 3168 id.
682 3108 774 3176 Uom.
797 3109 895 3174 Krast
918 3110 958 3174 de
982 3110 1258 3196 Thoggenburch.
1295 3125 1344 3178 Ob.
1364 3124 1544 3194 Margaretha
1563 3139 1632 3177 uxor
1651 3122 1712 3176 Uol.
1730 3121 1765 3176 de
1784 3120 1923 3175 Marbaeh.

422 3209 460 3261 18.
519 3209 570 3262 XV
588 3209 643 3262 kal.
680 3212 818 3266 lohannes
836 3212 893 3267 dec.
914 3212 944 3266 in
963 3213 1128 3282 Bussenan'g
1146 3212 1191 3268 ob.

418 3297 460 3349 20.
501 3296 567 3349 xm
587 3296 643 3350 kal.
679 3299 828 3353 Hainricus
853 3299 887 3353 de
906 3299 1111 3356 Gauderswjler
1133 3299 1176 3352 ob.
1213 3301 1294 3352 Anna
1319 3299 1354 3352 de
1372 3297 1598 3367 Uyessenhoven,
1624 3299 1714 3348 mater
1739 3293 1834 3347 fratris
1853 3293 1890 3348 10.
1913 3290 2058 3346 celebrantis

419 3471 461 3523 21.
516 3469 568 3522 ΧΗ
586 3469 642 3523 kal.
679 3385 1100 3527 BerHlesfoUgaUligsesZnHUven.
1136 3471 1270 3525 Dominus
1295 3471 1469 3525 Diethehnus
1492 3470 1526 3523 de
1551 3468 1735 3522 Hathenowa.
1773 3466 1899 3521 Uolrieus
1920 3465 1952 3519 de
1973 3464 2056 3518 Bimis-

740 3559 817 3612 1erch
835 3558 879 3612 ob.

419 3652 461 3704 ‘23-
543 3650 642 3704 Xkal.
678 3577 1088 3711 Bulrcarduscellerarius.
1125 3645 1167 3709 H.
1193 3645 1300 3709 dietus
1323 3643 1445 3729 Egger.
1483 3660 1533 3714 Ob.
1553 3659 1642 3714 Ruod.
1661 3657 1695 3710 de
1715 3655 1869 3726 Fridingen
1887 3656 1969 3710 miles.

419 3755 461 3808 24.
532 3754 570 3807 lx
589 3753 644 3806 kal.
681 3751 872 3816 Adelhadis.

418 3859 460 3912 2³.
502 3857 566 3911 Vlll
585 3856 641 3910 kal·
679 3855 862 3920 Ruodolfus
886 3854 926 3918 de
944 3853 1111 3939 Marpaeh.
1144 3869 1314 3924 wernherus
1330 3870 1546 3924 dictussseteler
1561 3868 1699 3923 milesob.
1730 3868 1878 3923 Hainricus
1895 3866 1927 3919 de
1938 3864 2050 3919 Est-heau

730 3957 811 4011 miles
829 3957 873 4010 ob.
903 3956 1003 4030 Cuont.
1021 3956 1056 4010 de
1074 3956 1194 4026 [snegge
1212 3957 1256 4011 ob.
1289 3956 1451 4010 Heinriehes
1470 3957 1527 4023 (sic)
1547 3973 1601 4010 von
1621 3955 1829 4010 Breitenucker.

418 4049 460 4100 ⁸26.
514 4049 567 4102 VH
586 4049 642 4102 kal·
678 4044 732 4109 Fr.
756 4044 942 4108 Reinherus
966 4042 1007 4108 de
1031 4042 1136 4109 Lofin.
1166 4059 1321 4114 Ruodolrus
1340 4077 1404 4114 vom
1423 4059 1511 4114 Tozze
1529 4058 1573 4113 ob.

418 4150 460 4206 27.
529 4151 568 4204 VI
586 4152 642 4206 kal.
678 4149 778 4214 Eber.
802 4148 901 4212 Sutor
923 4145 964 4212 de
988 4147 1187 4212 Betewison.

419 4257 462 4308 ⁸28.
541 4255 642 4311 Vkal.
677 4251 720 4318 H.
745 4252 786 4316 de
810 4251 917 4317 Herti.
955 4251 1160 4337 Gerbirg...

418 4359 460 4412 29.
529 4359 568 4412 IV
587 4357 642 4412 kal.
679 4353 855 4419 Mathehilt
878 4353 918 4420 de
935 4354 1131 4418 Wintertur.

418 4454 460 4508 30.
527 4453 567 4507 111
585 4453 633 4506 kal
679 4457 730 4511 Ob.
742 4456 863 4511 bruoder
874 4457 958 4511 Peter
968 4456 1017 4510 der
1029 4455 1235 4518 Μύησωσίεἰστ,
1249 4454 1295 4508 ein
1307 4453 1425 4524 priester
1439 4456 1533 4508 (tn-sem
1544 4453 1652 4522 ordemg
1665 4473 1720 4509 von
1734 4455 1852 4525 Friburg
1868 4456 1894 4508 in
1907 4451 2039 4520 Brisgoewe·

1115 4634 1385 4709 AUGUSTUS.

588 4773 644 4827 kal.
681 4767 755 4834 Uol.
777 4768 907 4852 Angist.
943 4766 987 4832 H.
1011 4767 1053 4832 de
1076 4767 1266 4853 Landegge.

435 4887 459 4932 ⁶.
528 4878 567 4931 lv
587 4896 651 4932 non.
681 4871 750 4936 Sor.
775 4870 898 4935 Gerina
922 4871 1013 4956 Aput
1035 4871 1165 4958 Ripam.

453 5015 458 5026 .
527 4973 567 5026 111
587 4990 651 5027 non.
679 4974 765 5028 Meht.
785 4975 819 5028 de
838 4974 1013 5043 Betchingen
1031 4974 1076 5028 ob.

454 5110 460 5122 .
543 5069 653 5122 11n0n.
679 5062 845 5127 Iohannes
868 5061 1101 5127 Maechaeilar.
1136 5078 1187 5132 Ob.
1206 5079 1335 5133 Holricus
1353 5079 1387 5133 de
1407 5079 1611 5133 Baittlehuseu.

586 5189 650 5226 non.
680 5167 732 5231 Fr.
758 5188 790 5230 n.
814 5166 858 5230 H.
882 5167 923 5232 de
947 5166 1059 5232 Forse.

453 5313 459 5325 .
517 5275 569 5329 VH
587 5275 625 5330 id.
679 5268 715 5332 C.
740 5268 781 5333 de
802 5269 1050 5335 Braitenacher.
1084 5287 1133 5341 Ob.
1156 5288 1184 5342 C.
1204 5287 1277 5340 filius
1297 5286 1435 5341 Waltheri
1454 5289 1489 5342 de
1509 5288 1648 5342 Haitnow.
1681 5288 1744 5342 Uoli
1763 5289 1797 5341 (le
1817 5279 1994 5354 Hittingenob-

455 5415 460 5426 .
543 5378 624 5433 vid.
680 5373 723 5437 H.
747 5374 788 5438 de
811 5373 972 5459 Eiperc.⁸)

522 5599 548 5664 ⁸)
567 5600 713 5665 Scriptum:
731 5565 835 5664 Εἰίσνσ.

523 5719 543 5780 1)
563 5717 610 5771 Pr.
629 5716 660 5770 de
676 5733 800 5785 scoposza
818 5717 855 5771 H.
875 5719 901 5770 A
919 5717 964 5772 der
983 5719 1081 5788 Staiye.
