4298 6436
408 373 470 434 538
509 369 735 424 FRAGMENTA
754 369 800 422 ET
820 367 1016 424 EXCERP'IA
1036 368 1134 422 LIBRI
1154 367 1515 423 ANNIVERSARIORUM
1535 366 1723 422 russulis
1743 365 1969 421 TURICENSIS.

510 547 540 607 3.
575 541 706 608 Sacedo
729 543 766 607 X
772 543 806 608 V.
838 549 969 607 evcurrte
997 544 1134 606 recensio
1163 543 1259 607 tertia
1280 541 1340 626 (0)
1370 542 1470 606 liuius
1497 541 1571 608 ttori
1599 543 1899 607 anniversariorum
1920 543 2055 608 inmun

407 652 466 723 est,
496 668 592 728 quam
619 667 719 727 nsque
747 647 792 710 ad
813 644 1062 726 publicationem
1090 645 1273 710 monasterii
1301 646 1405 726 ipsius
1430 647 1623 710 amw1524
1650 645 1773 726 factam
1795 649 1880 710 natis
1901 648 1987 711 novis
2005 649 2055 712 ad·

406 757 577 814 araverunt.
635 749 740 816 (Iader
766 751 834 831 ipse
854 751 971 830 periit,
1003 741 1150 830 evcnpta
1179 754 1305 813 tantum
1334 749 1477 815 Sclineii
1504 750 1593 830 soliis
1621 753 1742 814 1-23
1770 751 1890 814 codicis
1917 751 1976 814 Nr.
2000 755 2057 815 251

407 853 562 933 inscripta
592 859 727 918 aestuat.
782 853 923 919 Selineii
953 859 1087 933 tenpore
1114 859 1222 917 antem
1250 853 1351 917 codici
1383 851 1412 918 G
1437 854 1503 917 iam
1530 853 1627 933 falia,
1659 875 1742 935 picae
1774 854 1842 918 dies
1869 857 1922 918 24.
1944 854 2056 919 Iulii-

406 960 460 1023 24.
482 957 625 1040 Arpicsti
646 964 676 1022 et
698 963 727 1022 7.
753 958 988 1023 Octobris-27.
1013 957 1195 1022 Decerrmis
1215 958 1450 1035 continuerunt,
1473 957 1580 1022 evvdsa
1601 965 1703 1022 erant.

511 1061 605 1125 Lari
619 1063 912 1127 anniversariorum
931 1067 961 1124 ot
975 1061 1121 1126 abbatiae
1136 1066 1165 1125 et
1176 1061 1419 1141 praepositurae
1436 1061 1618 1125 Parmensis
1632 1062 1766 1142 curferti
1781 1068 1874 1126 erarii
1889 1063 2057 1126 nominans

408 1165 523 1228 civium
539 1159 771 1230 Turicensium.
809 1166 865 1230 Ea
879 1166 995 1247 quinis
1009 1167 1140 1230 nomina
1155 1170 1281 1229 tantum
1294 1166 1436 1247 peritiam
1447 1165 1619 1230 alariarum
1630 1167 1697 1230 iam
1707 1171 1784 1231 ante
1793 1165 1955 1230 saeerelam
1968 1165 2054 1230 XIV.

406 1268 577 1350 vipentium
598 1270 743 1350 repetivi,
771 1292 811 1334 ea
832 1269 968 1350 familiis
990 1291 1060 1335 vero
1081 1269 1217 1334 saecuta
1241 1269 1339 1334 XIV.
1362 1276 1392 1334 et
1416 1270 1493 1336 XV.
1510 1271 1694 1352 patentem
1714 1271 1790 1336 illas
1811 1271 1963 1348 Minaei,
1984 1292 2057 1352 qaae

407 1373 562 1454 dipnitale
590 1374 745 1438 domicelli
770 1374 927 1457 (dunler)
951 1376 1121 1455 praeditae
1150 1380 1250 1438 erant.
1303 1374 1376 1438 Has
1402 1375 1548 1455 fam-dias
1576 1380 1606 1439 et
1634 1375 1707 1438 illas
1729 1381 1837 1456 pentes
1860 1375 1939 1438 milii
1959 1376 2006 1437 vir
2023 1375 2056 1438 de

408 1477 499 1540 relus
526 1477 733 1560 periealopicis
762 1484 792 1543 ct
820 1479 990 1543 lieraldicis
1018 1479 1179 1544 Helvetiae
1207 1478 1412 1543 illustrandis
1438 1481 1552 1560 optime
1577 1481 1710 1544 media
1731 1477 2057 1543 Zella-Werdmiller

410 1581 595 1646 Taricensis
616 1584 802 1661 nominavit,
825 1585 879 1648 cui
897 1583 1002 1663 facere
1016 1605 1081 1648 non
1090 1604 1222 1666 passum
1237 1584 1316 1664 quin
1329 1583 1455 1664 pratias
1469 1583 1590 1647 debitas
1604 1605 1707 1666 aqam
1753 1583 1925 1646 Praetma
1938 1583 2056 1646 marina

408 1687 537 1750 rariora
557 1687 668 1767 recum,
691 1686 824 1768 exempli
843 1687 952 1768 pratia
974 1686 1060 1751 Man
1080 1686 1125 1766 uf
1140 1686 1283 1765 Edricli,
1306 1687 1349 1752 In
1371 1687 1441 1751 dem
1455 1686 1590 1763 Scleedel,
1619 1685 1808 1764 Glurlebue,
1833 1686 1990 1768 Gotispdti
2008 1691 2055 1748 etc.

513 1789 556 1853 In
577 1790 706 1854 abbatia
728 1797 757 1854 et
779 1792 815 1854 in
827 1791 1056 1871 maurontum
1074 1790 1301 1855 Tarieensitms
1315 1790 1516 1871 praebendae
1539 1791 1574 1854 in
1588 1791 1820 1854 miraeanis
1834 1790 2057 1854 di'sattumdae

408 1912 447 1955 ec
468 1913 594 1956 samem
615 1893 751 1973 capitati
772 1899 830 1956 ant
852 1915 891 1957 ea
909 1894 1064 1974 pranario
1085 1894 1262 1958 dominae
1284 1895 1348 1958 sive
1363 1894 1542 1976 praepositi
1557 1893 1783 1974 persolvendie
1797 1899 1900 1972 erant,
1921 1914 2013 1975 mam
2026 1893 2057 1957 el

407 2016 474 2058 reru
494 1995 650 2075 fundator
671 1997 886 2061 anniversarii
909 1999 943 2061 in
966 1997 1049 2061 lanc
1071 2018 1227 2062 caniemm
1245 2019 1402 2062 summam
1411 1998 1638 2079 praestitutam
1653 2002 1707 2078 (ut
1720 1998 1788 2078 fere
1801 1998 1905 2078 tiebat,
1929 2019 2056 2061 marcam

408 2099 547 2180 arpenti)
569 2099 669 2164 solvit.
715 2101 905 2181 Saepissime
927 2107 1034 2164 autem
1055 2100 1212 2180 fundator
1226 2103 1401 2183 pecuniam
1420 2123 1485 2166 nan
1506 2101 1656 2178 ealibuit,
1678 2103 1733 2166 sed
1743 2122 1805 2182 pro
1820 2102 1928 2166 naen
1942 2121 2056 2165 misnen

409 2225 448 2267 ev
470 2203 559 2268 dano
581 2203 693 2286 aliqria
714 2203 762 2269 vel
781 2227 821 2269 ea
840 2204 942 2284 sunda
965 2207 1137 2270 annuatim
1157 2206 1332 2286 fandum,
1356 2207 1452 2271 dame
1471 2227 1595 2270 sumnia
1610 2206 1668 2270 illa
1682 2205 1864 2283 solveretur,
1887 2205 2055 2287 assiprmvit,

408 2327 500 2388 picem
523 2329 650 2372 cunum
671 2309 800 2391 saepius
823 2308 858 2371 in
880 2307 994 2373 bonnm
1016 2309 1110 2373 alind
1124 2315 1238 2389 postea
1259 2308 1435 2373 transtulit.
1479 2310 1595 2390 Itaque
1617 2310 1654 2373 in
1667 2310 2055 2375 annotatioriiliuscensrm

402 2411 546 2491 primam
570 2412 679 2491 primo
709 2411 773 2476 aaa
801 2413 964 2477 nominavi
992 2418 1022 2476 et
1050 2434 1176 2478 censum
1203 2413 1396 2478 translatum
1424 2413 1482 2477 sid
1504 2416 1541 2490 2,
1564 2417 1586 2476 3
1607 2419 1662 2478 etc.
1689 2415 1802 2478 adieci.
1859 2413 1938 2479 Gran
1963 2419 2055 2476 aiam

409 2535 514 2579 amnes
542 2515 578 2579 lii
605 2537 718 2580 cassies
746 2538 871 2581 minoia
895 2518 1091 2598 praestituta
1118 2517 1223 2582 solnta
1244 2518 1395 2598 redempti
1416 2517 1553 2598 fuerint,
1584 2517 1669 2598 qnod
1689 2519 1859 2598 scriptores
1881 2515 1955 2581 tari
1973 2518 2054 2580 anni-

410 2620 623 2685 versariorum
645 2621 734 2685 verba
756 2619 889 2698 „solvit“
906 2627 965 2685 ant
978 2642 1086 2699 ‚nnnc
1101 2623 1139 2686 de
1153 2643 1280 2686 camera
1294 2621 1439 2703 capituli,
1462 2623 1500 2686 de
1513 2620 1673 2702 capitula“
1688 2627 1743 2686 ete.
1759 2622 1870 2686 addito
1885 2620 2054 2696 retuderunt,

410 2722 486 2787 liaeo
508 2723 729 2788 additamenta
751 2725 802 2788 liic
824 2726 922 2805 repeti
944 2746 1023 2807 opius
1043 2747 1108 2791 non
1128 2726 1202 2806 fnit.

514 2826 618 2892 Notas
639 2827 888 2910 srapmentarum
906 2829 939 2894 A
961 2850 1062 2894 manu
1077 2829 1188 2913 pirineo
1211 2830 1384 2910 inscriptas
1405 2829 1507 2894 literis
1529 2829 1662 2892 minatis
1684 2827 1784 2892 latius
1805 2829 1975 2909 dispositis,
1994 2849 2053 2890 con·

411 2932 606 2997 tinniit-iones
636 2933 804 2997 eorundem
832 2932 934 2996 literis
962 2934 1096 3022 minutis
1125 2932 1225 2997 latius
1250 2933 1414 3014 dispositis
1441 2938 1470 2996 et
1491 2933 1584 2996 uncis
1604 2933 1775 3013 quadratis
1797 2931 1946 3008 inclusis,
1976 2937 2053 2995 intas

409 3036 658 3117 frapmentarum
674 3035 708 3099 B
729 3057 829 3100 manu
845 3039 956 3117 prima
978 3038 1151 3117 iruniptas
1173 3035 1274 3101 literis
1295 3037 1430 3101 niinutis
1451 3035 1551 3100 latirus
1571 3037 1735 3117 itispmsitis
1757 3041 1787 3100 ct
1809 3038 1903 3100 uncis
1924 3034 2052 3100 rotundis

410 3139 561 3218 inclusis,
592 3140 846 3204 continuationes
875 3140 1060 3216 eorumden,
1091 3161 1173 3220 puae
1202 3140 1269 3220 fere
1297 3161 1402 3204 ornnes
1430 3138 1555 3204 seacula
1580 3138 1656 3203 XV.
1679 3140 1811 3203 additae
1841 3145 1933 3216 nied,
1966 3139 2051 3202 literis

411 3245 554 3322 minatis,
577 3244 769 3309 ananum
791 3245 909 3308 codicis
922 3243 956 3308 B
978 3265 999 3307 a
1014 3243 1160 3310 &triavia
1182 3245 1358 3325 confectum
1379 3243 1480 3307 literis
1501 3245 1636 3308 minutis
1657 3245 1752 3307 unns
1773 3243 1920 3308 retundis
1937 3241 2050 3307 inclusis

411 3352 441 3412 et
462 3349 616 3428 epitomen
636 3348 754 3413 codicis
779 3346 808 3413 0
826 3347 928 3412 literis
949 3348 1084 3412 rninntis
1105 3349 1199 3411 uncis
1219 3348 1390 3429 quadratis
1411 3345 1545 3411 inclusis
1567 3347 1618 3410 liic
1640 3347 1787 3412 distinet.

1103 3647 1380 3722 IANUARIUS.

431 3803 455 3856 1.
581 3799 638 3853 kal.
675 3796 821 3864 [Memoria
839 3796 987 3851 Elimoeth
1006 3797 1041 3850 de
1060 3795 1229 3851 Wetzinkon
1247 3795 1317 3850 abbo
1334 3795 1418 3850 huius
1437 3794 1618 3864 monasterii}

428 3889 454 3940 2.
524 3887 646 3941 1v110n.
675 3885 824 3952 (Rudolfus
842 3885 877 3938 de
896 3885 995 3939 Platea
1015 3885 1072 3939 ob.²
1104 3886 1148 3938 lta
1165 3884 1263 3938 relicta
1281 3883 1414 3938 Iohannis
1433 3883 1536 3939 Lowen
1554 3882 1609 3950 ob.)
1640 3883 1803 3951 [Benedicta
1822 3883 1909 3937 Zoller
1925 3882 1975 3950 ob.]

429 3975 454 4028 3.
520 3974 644 4030 11111011.
672 3972 819 4040 (Mechiild
845 3989 915 4026 uxor
938 3971 1066 4041 magistri
1092 3971 1236 4041 Beringeri
1261 3970 1383 4025 doctoris
1409 3987 1556 4040 puerorum
1580 3969 1650 4036 ου’)
1690 3969 1840 4038 [Rudolfus
1865 3969 1898 4024 de
1921 3970 2045 4034 Bussnuug

724 4060 881 4115 claustralis
905 4059 1068 4114 manasterii
1094 4059 1160 4114 Loci
1183 4058 1390 4113 Hereniitarum
1414 4076 1466 4112 nec
1490 4074 1546 4112 uon
1569 4073 1647 4127 ppos.
1671 4057 1701 4110 in
1727 4057 1792 4112 Vur.
1836 4057 1958 4111 Florinus
1979 4053 2043 4106 Wulu

724 4147 852 4202 minister
870 4146 1005 4217 abbatie]

429 4236 453 4290 4.
536 4236 562 4290 II
580 4253 644 4290 non.
672 4234 808 4304 [Chuni-at
825 4231 905 4286 miles
924 4231 959 4285 de
977 4231 1091 4285 Littore.
1121 4233 1204 4285 Anna
1223 4231 1257 4285 de
1271 4229 1432 4299 Keyserstul
1451 4229 1609 4283 claustralis
1627 4229 1712 4284 huius
1730 4231 1891 4285 monosterii
1908 4231 1948 4285 ab.
1975 4226 2041 4282 Heia

722 4319 796 4374 ricus
815 4319 912 4374 Castor
930 4319 1010 4372 miles
1028 4318 1096 4387 ob.⁸]

429 4413 453 4466 5.
579 4427 644 4464 uon.
671 4406 846 4475 [Cuonrudus
868 4422 937 4459 coin.
962 4403 998 4457 de
1017 4404 1153 4457 Bulderen
1172 4403 1216 4456 ob.
1255 4403 1374 4456 Paulina
1392 4402 1426 4454 de
1445 4402 1525 4470 Kyen
1544 4418 1614 4456 uxor
1631 4400 1787 4456 Eberhardi
1807 4403 1939 4457 Molitoris
1955 4398 2038 4454 militis

725 4493 904 4562 Margaretha
921 4491 956 4545 de
975 4491 1077 4545 Hulwil
1098 4508 1166 4546 iixor
1184 4489 1304 4544 Gotsridi
1325 4489 1471 4543 Molituris.
1503 4487 1672 4542 Wernherus
1692 4490 1726 4542 de
1746 4490 1892 4560 Rosnegge
1908 4485 2021 4553 nobilis‘]

429 4585 454 4638 6.
495 4581 562 4636 VIII
581 4581 619 4637 id.
674 4579 831 4649 [Heinrieus
849 4578 883 4632 de
902 4577 1009 4646 ontis]

430 4671 454 4722 7.
508 4667 561 4723 VII
579 4668 617 4722 id.
671 4666 846 4736 [cuonradus
864 4666 898 4720 de
917 4664 986 4718 Vico
1005 4662 1072 4731 οὔθ]

429 4757 453 4810 9.
536 4755 617 4811 Vid.
671 4755 764 4824 [Anno
783 4755 851 4808 1484
868 4753 912 4808 ob.
941 4756 1024 4806 Anna
1041 4753 1076 4806 de
1095 4752 1202 4806 Howen
1221 4751 1291 4804 abb*
1309 4751 1392 4804 huius
1411 4750 1593 4819 monasterii]

414 4845 454 4899 ll.
522 4843 563 4897 111
581 4841 619 4896 id.
674 4841 767 4911 [Hugo
785 4841 877 4895 dictus
896 4839 1047 4908 Woilebo.]
1257 4885 1261 4891 .

413 4931 454 4984 12.
536 4915 636 4984 nid.
672 4929 819 4998 [Henricus
838 4928 965 4981 Manesse
983 4925 1013 4979 in
1032 4926 1134 4980 Litore.
1164 4925 1303 4979 Iohannes
1320 4924 1355 4977 de
1374 4923 1527 4992 ‘l'rostberg
1544 4923 1625 4976 mites
1643 4923 1687 4977 ob.
1720 4924 1855 4977 Iohannes
1873 4921 1904 4976 de
1915 4916 2030 4984 wildene

723 5033 800 5086 ppos.
819 5014 935 5069 ecclesie
954 5012 1128 5083 prepositure
1147 5010 1305 5064 'turicensis
1324 5013 1353 5063 et
1371 5027 1430 5063 cun.
1449 5009 1533 5063 huius
1551 5010 1713 5064 monasterii
1732 5010 1789 5080 ob.]

414 5103 454 5156 13.
580 5104 617 5158 id.
672 5102 857 5173 [Eberhardus
876 5100 978 5154 Muller
995 5099 1089 5162 miles,
1108 5097 1251 5152 scultetus,
1283 5096 1429 5151 Heinrieus
1447 5095 1598 5152 Goltsteiu.
1628 5097 1776 5151 Heinricus
1794 5097 1881 5150 dietus
1896 5089 2027 5160 engelberg.

724 5191 887 5258 procurator
904 5187 991 5241 nostri
1011 5185 1130 5256 capituli
1148 5184 1204 5254 ob.]

415 5275 453 5328 14.
496 5276 561 5330 XIX
579 5277 635 5331 kal.
672 5279 818 5349 [Magister
830 5277 992 5332 waltherus
1012 5276 1046 5330 de
1060 5275 1222 5330 Wediswile
1240 5275 1313 5344 pleb.
1334 5273 1508 5343 prepositure
1527 5273 1715 5327 Thuricensis.
1747 5273 1878 5327 Iohannes
1894 5261 2026 5322 Sehsfflifflss

725 5365 835 5434 senior]

886 5509 1102 5515 u—--fflw
1121 5506 1453 5513 ——-——---.-—.—-.
1464 5505 1665 5512 -—--—---——.
1682 5507 1690 5510 .
1710 5506 1745 5512 -,-
1759 5507 1770 5510 -
1787 5503 1894 5511 ..,..-...-

518 5607 540 5672 ¹)
557 5605 604 5658 Ps-
622 5605 653 5660 de
670 5607 769 5662 dodina
786 5609 817 5662 in
828 5607 939 5661 &baeti
955 5612 978 5660 rt
996 5605 1072 5659 anea
1089 5605 1121 5658 in
1136 5602 1271 5657 Taladier.
1371 5605 1394 5670 ι»)
1413 5602 1459 5655 Pr.
1478 5602 1509 5656 de
1526 5603 1604 5656 niuea
1614 5601 1672 5656 eins
1683 5603 1714 5655 in
1727 5604 1837 5673 Harpen
1922 5597 1942 5661 s)
1959 5583 2026 5643 nee

413 5688 536 5757 Sintiam
640 5695 664 5760 4)
684 5693 731 5748 Pr.
750 5694 782 5748 de
800 5692 1001 5748 Massivanden.
1107 5695 1129 5760 5)
1149 5692 1196 5746 Pr.
1214 5689 1246 5744 de
1264 5691 1344 5745 anea
1361 5706 1401 5743 an
1419 5689 1631 5744 Rdtotdubaet.
