4306 6434
210 404 365 462 NECROL.
384 405 430 460 ΕΤ
451 403 560 459 LIBER
579 403 830 459 ANNIVERSAR.
849 403 1199 458 SANCTIMONIALIUM
1218 401 1588 458 ENGELBERGXNSIUM.
1667 406 1729 468 365

66 887 584 984 NECROLOGIUM
634 888 723 981 ΕΤ
768 886 990 981 LIBER
1037 819 1730 981 ANNIVERSARIORIlM

180 1043 841 1140 SANCTIMONIALIUM
884 1040 1617 1200 ENGELBFIRGENSIUM.

171 1249 228 1344 Iu
256 1276 323 1340 uico
353 1275 416 1354 „In
444 1273 500 1338 der
526 1271 642 1340 Weno‘
671 1277 857 1354 nuncupato
886 1277 916 1335 et
943 1273 1038 1336 insta
1060 1272 1286 1336 monasterinm
1309 1270 1434 1335 Montis
1455 1269 1649 1354 Anpelorum
1670 1271 1731 1335 sito

67 1381 135 1444 iam
157 1379 282 1444 saeculo
299 1379 381 1443 XII.
405 1377 584 1443 coenobium
605 1375 898 1441 sanctimonialium
921 1377 1044 1442 ordinis
1066 1398 1090 1440 s.
1115 1376 1283 1440 Benedicti
1306 1375 1442 1454 exstitit,
1464 1376 1549 1458 qnod
1569 1376 1610 1441 ab
1631 1376 1731 1440 natus

66 1485 254 1549 monasterii
275 1483 386 1548 abbate
413 1486 534 1546 rectum
556 1480 668 1564 linqua
689 1481 861 1546 ouummrla
883 1481 964 1560 „das
985 1485 1096 1545 nntere
1118 1480 1251 1545 Kloster
1271 1501 1313 1544 ou
1335 1478 1527 1563 Impellerffl
1548 1480 1729 1545 cudatur.

66 1589 164 1653 Anno
185 1588 310 1652 mum
332 1587 416 1650 1615
445 1608 484 1651 en
506 1586 617 1651 Monte
638 1586 831 1670 Amyclaeum
860 1587 896 1650 in
918 1587 1069 1668 oppidum
1091 1584 1217 1651 Samen
1238 1584 1370 1649 ditionis
1392 1583 1599 1650 Srrbsdoanae
1622 1589 1728 1650 trans·

67 1693 168 1757 lcitum
195 1693 240 1757 dri
266 1691 371 1756 adhuc
399 1690 497 1770 floret.
548 1690 729 1756 Mortuarii
754 1691 853 1755 luins
880 1691 1017 1757 coeriobii
1042 1711 1155 1755 norum
1180 1689 1388 1754 rescissionem
1418 1708 1505 1753 anno
1528 1691 1612 1753 1345
1641 1689 1731 1754 Ruo-

67 1797 173 1878 dolsns
204 1796 241 1860 de
270 1795 488 1860 Selinenwert
510 1796 605 1876 prior
637 1795 894 1878 Enpellnmensis
918 1796 1068 1877 modom
1094 1794 1278 1860 Adellteidis
1309 1794 1347 1858 dc
1375 1791 1531 1875 Herdeppc
1560 1793 1731 1877 umpistrac

66 1898 357 1964 sanctimonialium
372 1897 668 1981 Enpelberpensium
690 1906 793 1965 neotus
815 1901 943 1981 incepit,
967 1921 1049 1981 quae
1070 1899 1162 1964 lodie
1183 1898 1220 1962 iu
1241 1898 1344 1963 codice
1362 1898 1596 1963 membranaceo
1609 1898 1731 1979 formae

67 2005 200 2069 maioris
226 2002 382 2067 moniarii
407 2004 592 2067 monosterii
614 2004 740 2068 Montis
761 2003 956 2086 Anpelmum
977 2008 1131 2069 seruatur.
1184 2002 1253 2067 Hoc
1273 2002 1486 2067 mortuarium
1507 2001 1632 2067 dnobus
1647 2023 1730 2084 par·

67 2110 152 2173 tibus
177 2112 316 2172 cunstat:
338 2107 433 2187 prior
462 2106 530 2188 (sol.
554 2110 675 2186 6-22)
698 2113 743 2172 est
763 2107 972 2191 necrolopinru
993 2129 1116 2184 onum,
1147 2107 1183 2171 in
1205 2106 1290 2188 qnod
1311 2105 1493 2187 Ruodolsns
1514 2106 1552 2170 de
1574 2107 1729 2172 Selinun-

67 2217 143 2276 uert
168 2210 270 2276 multa
292 2211 422 2275 nomina
448 2233 487 2275 eu
510 2211 619 2291 priori
641 2213 875 2293 transscripsit,
899 2213 1059 2294 posterior
1080 2217 1186 2276 auam
1209 2210 1278 2293 (fol.
1301 2213 1447 2289 23-48)
1469 2210 1547 2276 liber
1568 2216 1614 2276 est
1635 2213 1730 2277 anni

66 2317 290 2381 versariorum.
341 2315 482 2396 Utraque
497 2336 581 2395 pars
602 2316 739 2380 saeculis
763 2316 856 2382 XIV
873 2322 903 2381 et
927 2316 1001 2381 XV
1017 2316 1095 2380 odeo
1117 2316 1201 2380 notis
1223 2315 1313 2379 noris
1333 2315 1475 2379 adaucta
1497 2318 1557 2393 est,
1585 2319 1623 2379 ut
1643 2317 1731 2380 circa

67 2441 191 2485 aunum
206 2421 291 2483 1451
312 2420 521 2483 recensionem
543 2419 612 2483 eius
634 2419 767 2483 atterant
789 2420 903 2500 confici
924 2441 1003 2500 opus
1024 2420 1122 2500 ficret.
1167 2417 1257 2483 Haec
1279 2418 1417 2483 recensio
1438 2418 1593 2484 recentior
1614 2419 1731 2484 iterum

68 2526 152 2589 duas
166 2529 279 2605 portes
300 2523 410 2601 labet·
432 2523 468 2588 in
490 2524 594 2587 codice
615 2525 708 2602 euim,
731 2525 768 2588 in
789 2545 851 2606 qno
873 2528 985 2602 exstat,
1009 2523 1165 2588 talnlrmii
1179 2522 1438 2606 Impelberpcnsrs
1459 2522 1580 2603 {crucae
1598 2523 1731 2587 maioris

67 2626 277 2709 necrolopium
298 2626 379 2708 solio
400 2630 515 2704 1-24,
539 2626 617 2691 liber
638 2628 933 2692 anniversariorum
953 2627 1034 2709 solia
1055 2628 1186 2691 25-48
1208 2625 1319 2708 explet.
1369 2625 1511 2707 Utraque
1526 2647 1731 2708 prorsusque

67 2732 104 2794 in
118 2729 280 2794 soeculum
295 2729 393 2794 XVI.
408 2731 597 2794 continuata
612 2735 666 2794 est.
710 2731 753 2794 Iu
766 2729 854 2811 foliis
873 2736 980 2795 autem
994 2731 1106 2795 uacuis
1119 2731 1288 2812 utriusque
1303 2729 1420 2794 codicis
1438 2728 1565 2794 titulae
1580 2750 1731 2794 cunnum

67 2833 360 2898 sanctimonialium
381 2833 713 2916 ΕνιρεΠιεινρενιει’νινιι,ι
741 2839 770 2899 et
798 2839 891 2899 uotae
917 2835 1086 2900 historicae
1112 2835 1285 2916 inscriptae
1312 2840 1397 2898 sunt.
1447 2833 1558 2899 Codice
1580 2833 1732 2915 Ruodolfi

67 2939 106 3002 de
127 2937 363 3003 Seloencnwert
389 2938 456 3002 iam
483 2959 568 3002 anno
593 2940 676 3002 1871
699 2937 739 3002 ab
761 2940 789 3003 Ι.
814 2937 972 3004 &ludier
1003 2937 1163 3003 monario
1185 2939 1384 3002 buconem
1410 2937 1733 3020 (Gesclciclttsfreuud

67 3043 124 3106 cler
144 3041 228 3122 fiinf
247 3039 320 3106 Orto
345 3041 483 3120 XXVI,
505 3042 694 3119 245-284)
717 3043 814 3122 edito,
836 3042 917 3107 milei
942 3041 981 3107 G.
1005 3042 1199 3107 Benedictus
1223 3042 1384 3108 Gottioald
1411 3042 1593 3108 tabidamus
1614 3043 1730 3126 Enpel-

68 3146 233 3227 boemus,
256 3146 310 3209 cuci
329 3147 455 3227 pratias
476 3167 534 3228 apo
556 3147 726 3223 maximas,
749 3145 908 3226 aanor
929 3146 1097 3226 utriusque
1118 3146 1236 3210 codicis
1252 3145 1437 3229 neorolopici
1452 3148 1732 3213 accuratissimum

66 3249 210 3330 confecit.
256 3249 322 3312 Hic
343 3251 498 3330 epitomen
520 3255 647 3314 tantum
668 3250 757 3314 edere
777 3250 859 3313 satis
880 3249 988 3313 habui.
1033 3249 1136 3314 Notas
1157 3272 1179 3314 a
1195 3248 1354 3329 Rnodolso
1370 3251 1482 3331 priore
1503 3251 1540 3316 in
1559 3251 1744 3334 neorolopio

66 3358 97 3417 et
118 3354 155 3416 in
176 3353 256 3418 libro
277 3355 571 3420 anniversariorum
592 3375 678 3420 auno
693 3355 780 3418 1345
801 3354 975 3435 inscriptas
997 3354 1099 3418 literis
1120 3354 1264 3432 minutis,
1286 3354 1419 3420 nomina
1437 3355 1732 3423 sanctimonialium

66 3457 266 3538 aliorumque
287 3457 459 3536 lominum,
481 3459 539 3539 pri
560 3459 657 3523 anuis
674 3460 757 3521 1349
780 3463 810 3522 et
830 3459 915 3522 1350
931 3463 1021 3540 peste
1042 3457 1155 3540 lirepna
1176 3457 1349 3523 emmona
1370 3457 1448 3536 „der
1462 3457 1628 3531 &numne
1645 3465 1732 3531 Tod‘

66 3563 235 3626 nominata
250 3562 428 3642 perierunt,
452 3563 547 3626 etiam
568 3562 609 3627 ab
631 3563 734 3628 eodem
749 3564 861 3644 priore
883 3563 997 3627 addita
1020 3562 1122 3627 literis
1136 3563 1271 3627 minutis
1285 3563 1379 3627 uncis
1395 3560 1539 3639 inclusis,
1563 3561 1731 3627 cmrtinna·

66 3667 168 3730 tiones
195 3664 279 3728 alias
304 3666 421 3729 codicis
443 3667 568 3746 prioris
589 3672 619 3730 et
642 3671 736 3732 notas
757 3668 859 3732 codici
881 3667 1053 3749 posteriori
1074 3687 1174 3731 nunu
1197 3668 1309 3748 prima
1336 3666 1422 3731 cirea
1445 3667 1530 3730 1451
1557 3667 1732 3746 inscriptas

65 3770 170 3833 literis
193 3768 327 3832 minutis
349 3768 448 3833 latius
462 3770 625 3851 dispositis
644 3776 673 3834 et
691 3771 823 3835 nomina
838 3777 950 3852 postea
965 3769 1089 3835 saeculi)
1101 3769 1180 3837 XV.
1195 3792 1296 3853 nsque
1310 3771 1354 3834 ad
1367 3791 1491 3835 anuum
1506 3771 1591 3832 1500
1605 3769 1731 3832 adnoto

65 3872 171 3938 literis
192 3872 334 3949 minutis,
357 3871 456 3937 latius
478 3875 643 3955 dispositis
664 3879 694 3938 et
714 3877 810 3940 uncis
831 3875 966 3941 inclusis
987 3875 1039 3939 hic
1061 3876 1206 3941 distinct.

618 4147 648 4222 Ι.
693 4146 1179 4226 NECROLOGIUM.

83 4431 109 4482 1·
238 4423 294 4480 kal·
330 4425 429 4482 Petrus
447 4443 511 4483 n.c.
761 4331 1041 4409 IANUARIUS.

83 4515 109 4568 2.
180 4512 220 4566 IV
238 4529 303 4567 non.
330 4515 493 4570 waltherus
511 4534 538 4571 ιι.
551 4516 615 4570 abb.
642 4514 794 4572 Gerdrudis
812 4534 839 4570 n.
852 4534 875 4572 c.
905 4516 1046 4572 Richcnnu
1063 4535 1089 4571 ιι.
1103 4533 1126 4571 c.

105 4645 111 4655 .
179 4600 302 4654 11111011.
331 4601 451 4656 Berchta
469 4619 532 4657 mc.

103 4731 108 4741 .
192 4686 218 4740 ΙΙ
237 4703 302 4740 non.
329 4687 513 4742 Berchtoldus
525 4706 552 4742 ιι.
562 4705 585 4742 ο.
608 4688 744 4744 Adelheid
759 4709 785 4745 n.
796 4709 818 4746 c.
841 4690 961 4746 tudinis
972 4709 998 4746 n.
1009 4709 1032 4746 c.
1056 4689 1193 4746 Adelhcid
1206 4708 1233 4745 n.
1243 4708 1266 4744 o.
1289 4689 1378 4744 Meris
1390 4708 1417 4745 n.
1427 4708 1451 4746 c.
1470 4691 1653 4747 chuonradus
1667 4711 1694 4746 ιι.
1704 4709 1727 4746 c.

381 4775 554 4846 (Margareta
572 4774 607 4830 de
627 4775 779 4832 Niderwile
798 4796 826 4834 ιι.
839 4780 873 4846 c.)

86 4863 110 4914 f.
236 4877 301 4914 non.
329 4861 521 4932 Agathone.
552 4861 771 4919 Adelheidn.c.
803 4864 872 4919 Sor.
891 4865 1034 4936 Mal-gar.
1053 4883 1116 4920 von
1135 4865 1335 4930 Zeisenrist‚
1354 4865 1676 4935 nostramagistru.

102 4989 109 5002 .
154 4947 220 5002 v111
238 4947 276 5001 id.
330 4949 423 5003 Guotu
441 4967 503 5003 n.c.
534 4949 695 5021 Margaretc
713 4970 741 5006 11.
755 4970 778 5007 e.
808 4952 925 5008 Iacobus
944 4971 1027 5009 n.cv.

104 5076 111 5090 .
166 5033 220 5088 vll
238 5033 275 5088 id.
330 5036 492 5091 Ruocherus
509 5055 537 5092 ιι.
550 5054 573 5092 c.
586 5037 647 5108 pbr.

102 5165 109 5176 .
182 5120 276 5176 v1io.
329 5122 497 5178 Adelbertus
514 5141 542 5177 n.
555 5140 578 5178 c.

103 5251 110 5264 .
196 5208 276 5262 vid.
329 5209 484 5264 Mechthilil
502 5227 530 5264 ιι.
543 5227 565 5264 c.

103 5337 109 5349 .
183 5295 221 5349 IV
240 5295 277 5349 id.
330 5295 449 5350 Berchtu
473 5314 501 5351 11.
520 5313 542 5351 c.
577 5295 692 5350 Elsbetu
716 5314 785 5352 n.c.
821 5296 941 5367 Hedwig
964 5315 991 5351 ιι.
1010 5315 1033 5352 c.
1070 5297 1263 5352 Katherina
1284 5296 1521 5369 deEnningen
1543 5317 1611 5355 nc.
1647 5299 1725 5368 (Sor.

380 5383 602 5454 Margarctha
616 5383 795 5448 Onofrius,
814 5401 879 5438 was
897 5384 1035 5454 priolin
1053 5385 1165 5454 genio,
1185 5385 1283 5452 1499.)

101 5511 107 5523 .
181 5467 222 5522 ΙΙΙ
240 5467 277 5522 id.
329 5469 518 5524 Hartmannus
536 5488 562 5525 ιι.
576 5487 598 5524 c.
629 5468 765 5524 Richinzu
783 5487 810 5524 ιι.
824 5488 846 5524 c.
876 5470 1031 5525 Mechthild
1049 5488 1076 5523 ιι.
1090 5487 1113 5525 c.
1146 5469 1307 5524 Waltherus
1325 5488 1352 5524 n.
1366 5489 1389 5524 c.

102 5599 108 5610 .
194 5555 220 5609 11
239 5553 277 5609 id.
329 5556 511 5612 ehuonndus
529 5556 669 5626 nephe.
698 5556 817 5610 tudinis
835 5575 897 5611 n.c.

173 5731 194 5798 ι)
215 5727 316 5784 liddae
332 5736 396 5784 urm
413 5729 694 5799 „GoeclridrtssrenW
713 5730 878 5798 XXXVII,
897 5735 1037 5787 289—305.
