4304 6434
790 400 898 456 LIBER
916 398 1277 454 ANNIVERSARIORUII
1299 397 1621 455 HI'I'ZKIRGHIINSIS.

376 980 596 1073 LIBER
636 977 1348 1074 ANNIVERSARIORUM
1391 979 2032 1076 HITZKIRCHENSIS.

483 1207 540 1300 In
571 1235 637 1298 vico
666 1235 833 1299 Hitahirch
863 1237 1001 1317 cepionis
1029 1237 1242 1300 Lucernensis
1269 1237 1450 1300 commenda
1478 1235 1636 1316 [ratribus
1666 1244 1695 1301 et
1724 1239 1889 1302 smorihies
1919 1239 2036 1302 ordinis

382 1339 624 1404 Teutonicorum
639 1339 763 1403 saeculo
781 1340 881 1403 XIII.
899 1341 998 1404 medio
1013 1341 1141 1404 condita
1156 1345 1209 1403 est.
1256 1340 1352 1402 Liber
1366 1337 1659 1403 anniversariorum
1674 1341 1773 1405 huius
1788 1344 1903 1406 dom
1913 1342 2037 1421 primns

380 1443 567 1506 iamdudum
587 1444 696 1522 peritt,
720 1444 816 1506 etiam
837 1465 876 1507 ev
898 1444 1074 1507 recensione
1096 1443 1220 1507 sacculo
1245 1443 1340 1507 XIV.
1363 1444 1465 1506 medio
1487 1443 1637 1522 confecta,
1660 1465 1681 1506 a
1704 1467 1753 1509 me
1774 1446 1808 1509 A
1832 1450 1953 1521 vocata,
1976 1445 2036 1506 dico

379 1551 506 1610 tantum
532 1545 613 1627 sol-ia
642 1547 878 1611 mernhranacea
904 1569 991 1612 nnnc
1020 1549 1056 1611 in
1084 1547 1243 1611 tabuhcrio
1266 1547 1456 1627 renotatione
1479 1547 1731 1612 Hitrhirchensis
1752 1554 1897 1626 exstaret,
1929 1549 2039 1630 quemn

380 1650 448 1713 dics
474 1653 624 1713 20.-28.
648 1651 768 1714 Martii
795 1657 824 1714 et
851 1655 1001 1715 21-28.
1025 1653 1166 1732 Aupnsti
1193 1653 1404 1715 continentur.
1458 1652 1554 1714 Liher
1583 1653 1882 1716 anniversariorum
1913 1673 2038 1733 meoque,

380 1754 438 1833 qui
460 1775 498 1817 ec
520 1754 697 1817 recensione
719 1755 751 1817 A
773 1755 950 1835 rtescmptus
970 1760 1024 1832 est,
1049 1755 1303 1818 nunnrarueais
1323 1776 1388 1818 non
1402 1755 1521 1836 inther
1535 1760 1582 1818 est
1595 1761 1810 1831 conservatus,
1833 1777 1906 1819 ciem
1922 1755 2039 1836 solinu,

381 1857 465 1938 qaod
491 1857 559 1920 dies
579 1859 631 1920 25.
655 1858 748 1920 Iunii
769 1881 869 1939 ersom
890 1860 934 1922 ad
955 1863 985 1922 3.
1009 1858 1090 1923 luti-i
1111 1860 1283 1936 continuit,
1314 1860 1402 1923 desit.
1448 1859 1513 1922 Hic
1535 1858 1627 1936 liber,
1656 1880 1678 1921 a
1700 1881 1748 1922 mc
1769 1859 1805 1922 B
1827 1865 2039 1940 nuncupatis,

382 1952 468 2026 antro
499 1965 584 2024 1433
610 1963 750 2042 scriptus
778 1963 853 2026 inde
880 1965 921 2027 ah
950 1964 1070 2044 oripine
1097 1985 1159 2026 sna
1186 1965 1222 2027 in
1252 1964 1341 2028 donno
1365 1961 1567 2044 parrochiali
1594 1962 1833 2027 Hitcicirchursi
1863 1968 2040 2026 assemtvs

383 2069 444 2142 est;
466 2085 552 2128 anno
575 2068 660 2127 1433
682 2067 766 2128 enim
788 2072 859 2129 orta
882 2073 928 2130 est
949 2067 1160 2131 controversia
1182 2068 1379 2132 commendere
1401 2069 1439 2132 de
1461 2067 1640 2132 redditibus
1653 2068 1954 2131 anniversarionun
1973 2088 2040 2129 cnm

380 2168 620 2251 parrochianis,
651 2191 748 2250 quam
769 2172 880 2233 nuntii
904 2171 1142 2248 Turicensium,
1173 2172 1439 2248 Lucernensium,
1469 2171 1676 2252 Tupiensium
1697 2176 1727 2234 et
1748 2170 1963 2248 Suitmsinm‚
1990 2169 2042 2233 hos

386 2272 547 2350 redditus,
578 2273 635 2353 oui
663 2294 703 2337 ec
731 2277 773 2336 68
799 2275 914 2338 ncodies
940 2275 1041 2337 tritici
1067 2275 1240 2356 quotannis
1267 2277 1465 2354 constabant,
1495 2276 1540 2338 ad
1566 2277 1610 2337 48
1631 2275 1750 2338 modios
1772 2276 1945 2339 minuendo
1966 2296 2042 2338 com-

379 2380 560 2456 posnerunt
585 2381 628 2454 et,
658 2381 696 2439 nt
718 2376 803 2440 litem
826 2398 939 2441 novam
961 2378 1174 2457 excluderent,
1205 2380 1395 2443 recensionis
1417 2379 1491 2444 hhri
1512 2379 1808 2443 anniversariorum
1830 2401 1870 2444 ev
1892 2378 2043 2443 codiccA

385 2479 606 2544 descrihcndae
633 2479 826 2561 ecenplaria
855 2482 934 2558 duo,
965 2480 1100 2545 cherum
1128 2483 1339 2561 commcndae,
1368 2482 1503 2547 aitaurn
1525 2482 1718 2563 parrochiae
1739 2483 1854 2562 carifici
1877 2482 2042 2558 iusserunt,

385 2603 521 2664 quorum
542 2584 725 2647 etiamnunc
746 2583 905 2665 ecemphrr
926 2591 1052 2649 tantum
1068 2587 1261 2666 parrochiae
1283 2593 1394 2651 exstat.

492 2686 590 2751 Hunc
605 2686 721 2752 lihrum
735 2688 777 2766 B,
794 2690 889 2752 cuius
904 2690 1115 2753 summarium
1131 2691 1197 2753 iam
1209 2691 1293 2752 1855
1308 2689 1628 2772 (Geschichtssrcund
1642 2689 1703 2766 XI,
1713 2691 1883 2771 92-104)
1897 2711 1919 2753 n
1933 2691 2043 2753 decano

387 2791 482 2854 Buch
504 2791 623 2855 editum
645 2797 704 2869 est,
733 2798 763 2856 et
783 2792 964 2874 [rnamenta
985 2792 1060 2856 libri
1081 2794 1114 2856 A
1135 2795 1185 2856 vir
1207 2793 1405 2857 clarissimus
1428 2793 1490 2856 Th.
1514 2794 1552 2857 de
1574 2793 1750 2870 Liebenau,
1778 2793 1962 2857 ίαὺτιῖανιῗιις
1983 2793 2039 2856 rci-

381 2893 531 2975 publicae
546 2895 766 2973 Imccrnensis,
789 2897 1029 2960 accuratissinu
1051 2897 1131 2960 inihi
1153 2897 1328 2977 descripsit,
1351 2899 1405 2961 cui
1424 2897 1550 2979 pretias
1571 2918 1628 2978 apo
1650 2896 1780 2960 avius
1831 2895 1934 2961 Livius
1948 2919 2043 2960 ecem

383 2996 491 3080 piaris
511 2997 568 3062 hoc
590 2997 653 3062 loco
675 3000 828 3079 epitormn
850 3005 977 3064 tantam
999 3000 1094 3078 edidi,
1117 3001 1195 3081 quia
1216 3002 1347 3064 nomina
1362 3001 1509 3082 plurima
1531 2999 1605 3065 lihri
1628 3000 1928 3065 anniversariorum
1948 3002 2041 3064 rusti-

388 3121 497 3165 corum
518 3107 603 3179 sunt,
626 3103 683 3183 qui
705 3103 740 3166 in
756 3103 930 3185 parrochia
948 3103 1185 3168 Hitrhirchensi
1206 3105 1363 3168 viverunt.
1409 3104 1512 3168 Notas
1532 3104 1783 3186 fndamentornm
1804 3103 1881 3167 libri
1895 3105 1928 3168 A
1949 3104 2046 3168 literis

389 3205 524 3268 minutis
551 3205 652 3269 latius
677 3206 855 3286 dispositis,
886 3212 979 3270 rictas
1007 3228 1093 3270 anno
1123 3210 1208 3270 1433
1237 3208 1272 3272 in
1303 3207 1382 3271 libro
1409 3207 1443 3272 B
1470 3208 1608 3288 scriptas
1635 3206 1737 3271 literis
1766 3209 1905 3272 minutis
1925 3215 1954 3271 ct
1976 3231 2044 3272 con·

390 3311 586 3374 tinuatioues
600 3310 674 3374 libri
685 3311 719 3374 B
727 3331 919 3392 perpaucas,
942 3333 1024 3392 quae
1039 3311 1091 3375 hic
1105 3312 1242 3376 edendae
1256 3316 1356 3390 erant,
1378 3311 1480 3376 literis
1495 3314 1628 3376 minutis
1643 3313 1737 3375 uncis
1754 3311 1889 3376 inclusis
1904 3312 2046 3376 distirmi.

1078 3611 1357 3688 1ANUAR1US.

410 3744 434 3797 3.
505 3745 545 3798 111
563 3761 627 3798 non.
653 3744 773 3798 Domina
792 3745 894 3798 Nonns
912 3743 947 3797 de
966 3743 1107 3798 Baldwsss

410 3833 435 3886 5.
560 3848 626 3885 non.
654 3831 773 3886 Domina
790 3831 970 3901 Margarethn
988 3831 1023 3885 de
1040 3831 1146 3901 Iberg.²

411 3919 428 3971 9
518 3917 599 3971 via,
653 3917 759 3971 Brader
779 3917 890 3972 Uolrich
908 3935 963 3972 von
982 3919 1132 3988 Riimlnng,
1151 3918 1189 3972 ist
1207 3918 1253 3972 his
1271 3917 1420 3988 bcgrnben.

395 3959 436 4058 1οἶ
506 4004 547 4058 IV
564 4003 602 4057 id.
654 4004 799 4074 Hebinger
815 4004 936 4059 famulus
954 4005 1135 4074 provincialis
1153 4005 1247 4060 fratris
1261 4005 1408 4058 Wernheri
1427 4004 1461 4058 de
1481 4004 1606 4068 Brendis,
1626 4003 1829 4074 prebendarius
1848 4003 1930 4059 istius
1948 4004 2054 4064 domus,

397 4177 437 4231 13.
561 4177 599 4230 id.
653 4091 817 4232 Herssidiis
836 4195 890 4232 von
909 4177 995 4240 niele,
1013 4177 1117 4231 rihtet.¹
1146 4177 1280 4232 Dominus
1300 4177 1446 4232 Heinricus
1465 4177 1558 4231 senior
1575 4177 1610 4231 dc
1628 4177 1769 4248 Heydeg.⁴

395 4265 438 4319 23.
519 4264 544 4316 Χ
562 4264 618 4318 kal.
655 4264 739 4318 Heini
757 4264 901 4328 Weidhns,
918 4263 981 4318 Ueli
1001 4265 1092 4334 Bngg,
1110 4264 1197 4318 Caeni
1218 4263 1323 4328 Kerser,
1343 4265 1426 4319 Burk.
1447 4265 1584 4329 Fuechsli,
1602 4265 1687 4319 Jenni
1706 4265 1799 4320 Fuchs
1816 4264 1876 4318 und
1892 4264 1953 4319 Ueli
1967 4264 2057 4333 Vogel

708 4353 774 4406 sunt
792 4351 875 4406 occisi
893 4351 923 4404 in
941 4350 1024 4405 domo
1042 4354 1148 4406 nostin.

396 4439 439 4492 30.
505 4439 547 4492 III
564 4437 620 4491 kal.
656 4439 727 4492 item
744 4455 810 4492 man
822 4439 862 4492 sol
875 4439 1045 4502 rissendi
1057 4440 1107 4493 her
1119 4440 1256 4493 Hemmnn
1269 4457 1323 4493 von
1335 4439 1536 4509 Gruenenberg
1550 4438 1596 4493 ein
1604 4438 1691 4508 jar-cit
1703 4438 1812 4493 hosetnt
1824 4439 1876 4493 hah
1888 4455 1919 4492 ze
1932 4437 2060 4492 Manstcr

709 4525 740 4579 in
759 4525 858 4596 Ergow
872 4567 962 4580 .....

1066 4635 1387 4712 FEBRUARIUS.

415 4732 440 4786 n
523 4731 550 4784 11
568 4749 633 4785 non.
660 4731 704 4786 ss.
723 4733 756 4787 n.
776 4734 970 4803 Boengurterr

415 4821 441 4875 6.
482 4819 549 4873 VIII
565 4818 605 4872 id.
657 4819 700 4872 Fr.
720 4820 883 4874 Walthsrus
901 4821 936 4875 de
953 4820 1116 4891 Kfingsegk.

416 4908 440 4960 8.
509 4907 547 4962 VI
566 4905 604 4960 id.
657 4906 791 4962 Heinrich
809 4924 864 4961 von
882 4907 967 4973 Scon,
985 4909 1128 4972 Mechtilt,
1147 4909 1190 4963 sin
1208 4908 1313 4973 wirtin,
1332 4907 1454 4972 Uolrich,
1473 4907 1497 4962 ir
1515 4925 1576 4971 sun,
1595 4907 1716 4960 Berchtn
1732 4906 1791 4960 und
1810 4907 1904 4972 Anna,
1924 4907 1949 4961 ir
1968 4909 2064 4962 hocch-

710 4996 781 5058 tern,
794 5037 820 5050 ..
839 4995 954 5050 Uolrich
971 5014 1026 5050 von
1045 4995 1202 5054 Schenkon.
1222 4995 1370 5059 Richenzn,
1389 4994 1433 5048 sin
1451 4993 1556 5057 within,
1575 4993 1632 5047 und
1653 4993 1775 5057 Uolrich,
1793 4993 1819 5046 ir
1836 4997 1916 5048 sun!

402 5081 442 5135 10.
512 5080 550 5134 IV
569 5079 607 5134 id.
660 5081 820 5136 Bnrkardus
839 5082 888 5136 Iob
906 5083 1062 5137 schultetus
1080 5083 1109 5136 in
1123 5083 1213 5142 Surse.
1233 5082 1395 5137 Cuonrsdus
1414 5085 1495 5151 pater
1513 5085 1599 5150 atque
1612 5080 1729 5135 Hemina
1748 5084 1839 5136 mater
1858 5083 1889 5135 et
1902 5080 1971 5136 Elsn
1989 5099 2066 5144 uxor,

713 5169 869 5224 Buronrdns
888 5170 980 5223 stlta
998 5174 1129 5239 parentes
1147 5171 1204 5224 inm
1222 5170 1298 5224 dicte
1316 5169 1431 5224 Eleinc.²

508 5377 530 5446 1)
550 5377 694 5431 Constituit
713 5387 727 5431 1
744 5377 861 5430 modium
877 5377 960 5430 tritici
977 5376 1008 5429 de
1026 5392 1133 5445 scopora
1151 5376 1182 5428 in
1202 5375 1350 5444 Gdtinycn,
1373 5392 1455 5444 aivam
1472 5374 1532 5428 colit
1547 5375 1635 5429 dictus
1654 5375 1716 5429 Sui.
1825 5377 1849 5442 2)
1872 5375 1922 5430 Pr.
1942 5377 1977 5430 de
1994 5376 2069 5430 vonis

403 5463 434 5514 in
453 5462 599 5518 annhadi.
705 5467 729 5533 a)
749 5465 893 5519 Constituit
910 5471 926 5517 6
943 5463 1044 5518 modios
1062 5463 1144 5517 tritici
1161 5462 1193 5516 dc
1210 5462 1290 5516 cirria
1307 5479 1359 5515 sira
1376 5462 1408 5514 in
1427 5460 1567 5527 Ermcnsc,
1587 5478 1621 5515 en
1636 5462 1734 5530 animis
1750 5460 1834 5515 datm
1852 5472 1866 5516 1
1884 5463 1998 5516 noduis
2015 5481 2070 5530 „an

403 5547 449 5602 der
465 5548 565 5604 nun„
581 5551 642 5604 bn“.
752 5553 776 5619 4)
796 5551 940 5606 Constitmt
958 5559 974 5604 4
991 5551 1129 5618 qimrtalia
1147 5547 1289 5620 [triticitj.
1394 5550 1417 5616 5)
1437 5547 1640 5602 Commendator
1654 5549 1787 5614 fratritms
1805 5547 1855 5601 dat
1875 5557 1924 5617 451
1935 5567 1993 5618 pm
2011 5552 2071 5605 uno

404 5637 524 5690 Alsatioo
543 5638 574 5692 dc
591 5639 667 5693 bonis
688 5639 718 5693 in
736 5639 831 5693 Atticis
852 5637 932 5692 dictis
948 5637 993 5692 des
1016 5637 1115 5707 Voptcs.
1226 5638 1248 5700 s)
1267 5633 1434 5702 chaccrunt
1459 5644 1472 5688 1
1489 5637 1615 5706 quanam
1631 5635 1714 5693 tritici
1732 5635 1764 5692 de
1781 5635 1850 5692 bono
1867 5635 1938 5694 dido
1955 5637 2003 5695 dos
2022 5638 2071 5698 Ge·

404 5725 490 5780 buren
504 5732 554 5796 put
571 5741 598 5780 rc
615 5725 696 5780 Sutte.
803 5730 825 5795 r)
845 5727 890 5780 Pr.
909 5725 940 5782 dc
957 5726 1031 5780 bonis
1049 5724 1208 5782 muniretis
1226 5723 1257 5776 in
1275 5722 1375 5778 Atticis.
