4296 6434
417 405 480 468 228
950 399 1215 455 NEGROLOGIUM
1235 395 1539 455 WIIINGAII'I'ENSE.

418 586 459 639 14.
479 583 542 637 xlx
590 583 646 638 kal.
675 575 788 641 Cuono
811 583 922 640 noster
945 576 1019 641 abb.
1034 576 1086 641 ob.

418 691 458 742 15.
474 686 566 740 xvlll
585 687 640 742 kal.
677 679 929 745 (ihuonrsdus
958 679 1034 743 dux
1058 679 1275 744 swevorum
1300 678 1379 744 ob.¹
1420 678 1520 744 Huio
1543 681 1734 745 suecessit
1755 681 1929 744 illustris
1952 680 2065 745 irater

726 784 931 869 Philippus
963 785 1133 864 nomine,
1169 785 1231 869 qui
1264 806 1330 870 pro
1364 786 1497 869 requio
1527 785 1687 848 fratrum
1719 793 1758 850 et
1789 787 1848 849 sui
1877 795 2064 850 annuente

726 889 1041 953 ministerialium
1063 888 1331 953 beniuolentia
1349 911 1373 953 s.
1391 888 1557 953 Mortino
1575 889 1739 953 eontulit
1755 891 1880 954 totale
1896 892 2063 976 predium

726 993 762 1056 in
787 991 1127 1076 Berngurteruite,
1150 991 1267 1057 idest
1289 993 1510 1075 ecelesiam,
1534 1000 1662 1056 ourtes
1687 1015 1767 1056 oum
1788 995 1869 1057 suis
1887 996 2064 1082 appendi·

726 1097 796 1160 oiis
820 1103 858 1161 et
878 1115 954 1160 non
976 1094 1126 1161 modies
1147 1095 1306 1161 familie.
1344 1095 1459 1162 Cuono
1482 1098 1568 1163 lob.

417 1209 458 1262 16.
486 1207 566 1262 XVII
583 1208 640 1263 kal.
676 1199 852 1266 Heinrious
876 1201 896 1266 l.
911 1201 964 1266 ob.

416 1311 456 1365 17.
498 1311 564 1366 XVI
581 1310 637 1364 kal.
672 1303 872 1369 Berhtoldus
894 1326 925 1370 n.
940 1325 967 1369 e.
981 1327 1022 1369 m.
1038 1305 1091 1368 ob.
1131 1303 1357 1388 (Eberhardus
1381 1305 1421 1369 de
1445 1305 1559 1371 'Penne
1581 1304 1683 1391 lob.)

417 1416 458 1469 19.
499 1415 565 1470 xlv
583 1415 639 1468 kal.
674 1406 797 1473 Bezelo
819 1408 906 1473 lob.
945 1407 1117 1492 (Albertus
1141 1408 1181 1473 de
1203 1407 1392 1473 Sumerowe
1416 1409 1514 1488 l.ob.,
1537 1410 1629 1476 dedit
1649 1411 1798 1497 predium
1822 1413 1854 1478 in
1870 1412 2064 1498 Longintol.)

416 1521 458 1573 21.
514 1520 639 1573 Xlllrol.
677 1511 907 1577 Irmindruot
939 1522 1046 1592 oom⁸,
1082 1533 1151 1597 que
1183 1521 1220 1576 et
1253 1512 1388 1594 lmine,
1421 1523 1545 1579 meter
1574 1515 1767 1581 Wolfonie
1796 1525 1833 1583 et
1863 1517 2064 1597 Chuonize.

728 1618 938 1682 Heinrious
955 1639 985 1682 n.
1002 1639 1029 1681 o.
1044 1603 1096 1698 mi,
1120 1618 1183 1703 qui
1205 1617 1312 1682 dedit
1327 1618 1516 1705 eopellum
1538 1620 1576 1682 in
1592 1619 1760 1685 Bruoion
1785 1643 1866 1685 oum
1890 1620 1978 1686 dote
2001 1644 2064 1686 suu

727 1721 1078 1808 Reohpokishovin
1102 1729 1140 1786 et
1163 1721 1336 1787 decimos
1359 1725 1397 1787 in
1421 1723 1590 1790 Sumere.
1614 1724 1758 1810 (Mshtilt
1780 1726 1802 1792 l.
1818 1726 1886 1810 ob.)

417 1833 458 1885 Ὦ.
528 1831 566 1885 XI
586 1831 641 1885 kal.
678 1825 814 1890 Judintu
836 1848 862 1890 c.
877 1849 902 1890 s.
915 1847 946 1892 n.
960 1826 1011 1890 ob.
1050 1825 1241 1912 (Heinrious
1264 1827 1366 1908 lob.)

416 1934 459 1989 24.
529 1935 568 1989 Ix
585 1935 642 1990 kal.
678 1929 883 1994 Heribordus
907 1929 1110 2010 n.e.m.ob.,
1135 1930 1203 2016 (qui
1226 1931 1317 1997 dedit
1338 1930 1487 2016 predium
1510 1932 1543 1996 in
1566 1931 1767 2020 Irrenberg).

416 2029 459 2084 25.
500 2029 567 2084 VIII
584 2031 641 2085 lml.
676 2033 843 2100 (Friderious
861 2033 1004 2104 Hundtpis
1022 2051 1050 2088 n.
1064 2036 1147 2100 om.)

416 2116 459 2170 27.
528 2116 567 2169 VI
584 2117 641 2171 kal.
677 2119 852 2188 (Cuonredus
869 2139 948 2191 ppos.
966 2120 996 2174 in
1015 2122 1112 2175 Horou
1131 2121 1184 2186 ob.‚
1203 2121 1296 2176 dictus
1314 2123 1482 2192 Brdsohlin.)

417 2211 459 2264 28.
541 2211 641 2266 Vkol.
677 2205 786 2270 Guoto
809 2228 835 2272 o.
850 2208 983 2272 s.n.ob.
1021 2207 1194 2272 Uoolrieus
1218 2213 1252 2270 et
1274 2207 1459 2272 Friderious
1480 2208 1565 2274 l.ob.
1606 2224 1744 2290 (Uolrious
1757 2244 1783 2279 n.
1794 2245 1817 2281 e.
1826 2246 1871 2292 ns,
1885 2229 1968 2298 prior,
1981 2229 2066 2283 dictor

729 2308 836 2376 Moris.)

1096 2417 1399 2530 snenmmnu.v

454 2600 460 2612 .
542 2607 548 2622 ,
587 2560 643 2614 kal.
680 2553 789 2619 Guota
811 2552 989 2620 o.s.n.ob.

454 2707 459 2719 .
530 2665 651 2719 IVnon.
679 2658 917 2743 Irmindegin
948 2656 1153 2743 urohipbr.‚
1192 2658 1258 2743 qui
1288 2656 1396 2721 dedit
1425 2659 1564 2722 librum
1595 2660 1876 2727 Abenedorium
1908 2673 1945 2728 et
1975 2666 2068 2730 ulios

729 2764 862 2830 libros.

454 2907 460 2919 .
585 2882 651 2920 non.
679 2865 821 2934 (Albertus
838 2884 866 2921 u.
880 2884 902 2920 e.
915 2883 952 2920 m.
965 2865 1041 2935 prior
1053 2865 1111 2928 ob.‚
1135 2863 1227 2918 dictus
1245 2864 1320 2917 Ilotz
1339 2866 1414 2920 1428.
1446 2865 1496 2920 Ob.
1517 2866 1621 2936 Caspur
1639 2867 1760 2939 Schiegls
1781 2870 1864 2926 huius
1882 2871 1993 2927 cenobii
2010 2871 2069 2926 ubb.

454 3081 460 3093 .
504 3039 570 3093 VIII
588 3038 626 3092 id.
680 2954 964 3110 (lodgdeslidiltimrt
982 3058 1092 3095 mum.
1106 3041 1193 3108 1490.)

454 3176 460 3188 .
519 3135 572 3189 VII
590 3135 628 3190 id.
682 3130 846 3194 Wernher
861 3131 881 3195 l.
895 3131 947 3195 ob.
986 3129 1189 3214 (Friderious
1212 3129 1252 3194 de
1269 3128 1398 3194 Sooken
1415 3128 1513 3206 l.ob.‚
1537 3129 1591 3214 qui
1615 3128 1704 3194 dedit
1726 3130 1875 3217 predium
1899 3134 2070 3219 quoddam,

731 3234 955 3299 molendinum
977 3235 1010 3298 in
1036 3231 1176 3318 Stoige.)

455 3387 461 3399 .
529 3345 568 3398 VI
586 3345 625 3399 id.
680 3338 858 3404 Heinrious
881 3338 965 3404 lob.

420 3452 461 3504 10.
530 3449 625 3504 Ivid.
678 3442 888 3508 Heinrious
912 3443 1057 3524 o.ir.n.‚
1082 3442 1145 3528 qui
1168 3440 1473 3528 deditpredium
1496 3443 1534 3506 in
1560 3441 1708 3510 Souzin.
1746 3443 1890 3510 Gerdrut
1913 3448 1998 3514 lob.

419 3555 460 3608 12.
545 3553 571 3607 ΙΙ
589 3553 627 3609 id.
681 3546 785 3610 Wolf
803 3546 879 3611 dux
901 3548 1043 3626 iunior,
1067 3547 1130 3632 qui
1154 3544 1262 3610 dedit
1286 3548 1304 3610 3
1328 3567 1482 3612 mansus
1506 3549 1541 3611 in
1567 3546 1832 3633 Siudiliingin.

421 3657 463 3712 13.
590 3657 629 3710 id.
682 3649 876 3716 cuonradus
899 3673 930 3716 n.
943 3673 969 3716 o.
984 3673 1025 3715 m.
1040 3650 1092 3715 ob.

420 3763 462 3815 1⁴.
476 3761 569 3815 XVIII
588 3760 645 3816 kol.
682 3754 906 3838 (Hermannus
930 3755 971 3820 de
994 3753 1202 3841 Bophindorf
1222 3756 1241 3819 I.
1255 3755 1306 3821 ob.
1344 3753 1497 3819 Uolrious
1519 3755 1541 3821 l.
1555 3755 1621 3839 ob.)

420 3866 461 3919 16.
506 3864 572 3918 xvl
589 3865 646 3920 kal.
681 3858 866 3924 Friderious
891 3860 1015 3927 o.Ir.n.
2076 3913 2079 3918 -

420 3970 460 4022 17.
517 3969 569 4023 XV
587 3969 642 4023 kal.
679 3962 852 4046 (Albertus
874 3984 965 4050 ppos.
995 3962 1036 4027 de
1059 3962 1277 4028 Buoohornne
1302 3963 1370 4042 ob.‚
1402 3965 1456 4049 qui
1480 3965 1583 4028 mults
1606 3965 1693 4029 bono
1715 3973 1781 4028 tom
1806 3966 1838 4029 in
1863 3966 1956 4032 libris
1979 3989 2073 4054 quam

729 4068 761 4132 in
785 4067 855 4131 oliis
878 4067 978 4131 rebus
1002 4066 1139 4132 eontulit
1163 4066 1239 4132 huio
1261 4069 1486 4152 monasterio.)

420 4177 460 4231 19.
501 4177 569 4232 XIII
585 4178 642 4236 kal.
679 4172 855 4238 Bertoldus
878 4172 1087 4237 nosterlebb.
1106 4172 1157 4237 ob.
1196 4171 1328 4237 Muhtilt
1351 4173 1529 4238 o.s.n.ob.

417 4283 460 4338 20.
520 4283 573 4338 xn
590 4283 646 4339 kal.
683 4277 851 4342 Ortholfus
874 4278 961 4343 l.ob.

418 4380 461 4433 21.
528 4380 567 4434 XI
585 4380 641 4435 kul.
678 4383 824 4439 Heinrious
842 4383 878 4438 de
896 4383 981 4438 Ibaoh
998 4386 1094 4437 noster
1111 4382 1175 4437 abb.
1188 4382 1240 4447 ob.‚
1259 4383 1411 4451 requiescit
1427 4384 1458 4438 in
1476 4384 1584 4454 ospello
1602 4383 1685 4438 beate
1703 4381 1830 4453 Virginis
1848 4381 1945 4437 Morie.

417 4474 461 4527 23.
530 4475 569 4530 Ix
588 4476 644 4532 Iol.
679 4471 856 4557 Irmingsrt
879 4493 906 4538 o.
920 4495 945 4537 e.
958 4493 989 4537 n.
1002 4473 1054 4537 ob.

417 4581 460 4635 ⁶24.
500 4581 567 4636 VIII
585 4581 641 4636 Iol.
677 4576 780 4642 Wolf
799 4575 961 4662 Pinguis
985 4574 1076 4655 dux,
1099 4575 1182 4641 hio²
1205 4575 1395 4662 sepultus,
1419 4576 1486 4661 qui
1510 4575 1616 4640 dedit
1639 4575 1849 4656 ecelesiam
1872 4575 2075 4640 Buoohorn

728 4702 809 4744 oum
833 4683 912 4745 suis
937 4681 1179 4768 appenditiis
1203 4680 1409 4766 aquodam
1433 4681 1572 4746 eomite
1589 4680 1734 4746 Ottone
1757 4679 1832 4743 sibi
1855 4679 2075 4764 delegatum

728 4806 810 4851 eum
826 4783 1052 4870 quibusdum
1068 4783 1226 4849 decimis
1243 4791 1281 4849 et
1296 4784 1403 4848 villis
1420 4783 1745 4865 Meohinbuoron,
1766 4782 2074 4848 Woohirshusin.

727 4891 832 4956 Idem
862 4888 937 4954 dux
971 4889 1078 4955 dedit
1107 4889 1371 4976 Stephtheim,
1407 4888 1599 4967 Stndelin,
1634 4887 1976 4966 Hizeliniswillir‚
2012 4886 2074 4952 Ni·

729 4994 1002 5079 dingisw-illir‚
1018 4992 1228 5080 Winthage
1246 5002 1283 5058 et
1298 5000 1446 5081 portem
1463 4992 1690 5077 Hogenowo
1706 4998 1747 5058 et
1761 4990 1958 5056 dimidium
1975 4993 2074 5056 Ouo.

727 5099 891 5165 liudolfus
913 5100 934 5162 l.
948 5101 1001 5166 ob.
1039 5100 1249 5166 Hermennus
1278 5100 1299 5166 l.
1314 5099 1367 5164 ob.

416 5213 458 5266 25.
513 5212 565 5266 vII
584 5211 640 5266 kal.
677 5205 956 5272 Uodolriousn.
971 5227 1064 5288 o.m.,
1087 5207 1150 5291 qui
1172 5205 1279 5274 dedit
1302 5209 1475 5290 sumptus
1498 5203 1654 5268 maioris
1679 5203 1856 5281 fenestre
1873 5208 1911 5267 et
1927 5202 2072 5266 cortine

729 5310 773 5374 de
798 5310 923 5375 serico
947 5316 985 5375 et
1007 5311 1131 5375 libros
1155 5310 1424 5375 mottutinalee
1449 5307 1620 5393 scripsit.

416 5423 459 5478 26.
528 5423 566 5477 Vl
584 5422 640 5476 kal.
677 5413 874 5498 (Ruodolfus
897 5414 941 5479 de·
961 5413 1109 5497 Rutilus,
1132 5414 1187 5501 qui
1210 5413 1301 5479 dedit
1322 5413 1474 5499 predium
1497 5413 1530 5484 in
1554 5410 1782 5497 Chipinhusin‚
1804 5410 1825 5475 I.
1839 5410 1908 5495 ob.)

522 5647 543 5711 ι)
564 5641 717 5698 somtox
723 5640 753 5694 V.
770 5639 894 5694 additum
910 5647 962 5695 est:
991 5657 1065 5694 anno
1083 5648 1145 5694 1195
1163 5646 1188 5694 et
1205 5641 1237 5692 iu
1254 5638 1416 5693 monasterio
1433 5637 1570 5691 Lomoertsi
1587 5637 1718 5705 squultrrs,
1740 5635 1865 5689 Gorrtem
1883 5633 1972 5688 mldit:
1998 5631 2068 5698 filius

418 5731 540 5787 Itidem
556 5730 732 5802 Imperatorio.
838 5731 860 5797 u)
882 5727 994 5782 Soeeulo
1006 5727 1095 5780 XIII.
1113 5727 1324 5794 srrprmron'ptum
1342 5730 1392 5777 est:
1417 5725 1459 5777 W.
1478 5723 1639 5794 sespultml
